2834 4567
385 319 923 408 ruurssnuuru
1013 353 1143 438 *rm

110 565 114 572 ,
192 494 327 558 fateretur.
345 494 400 557 Hic
415 494 567 554 Bucirarurrr
582 489 762 572 nescioquod
777 491 928 572 oppidum,
940 511 1078 574 nunquam
1087 495 1146 557 san·

194 577 368 639 doauditum
381 575 570 638 emendatores
579 573 711 635 condunt.
727 591 781 654 ego
795 573 886 654 potius
900 572 1055 654 scripturam
1072 577 1146 639 falsa.

194 659 264 717 riam
283 674 368 740 puto,
389 655 632 737 scribendumque,
646 657 674 715 iu
687 654 808 713 'buccina
825 670 892 728 turra,
916 655 962 715 vel
979 658 1073 735 potius
1089 681 1146 721 uno

193 739 301 812 verbo,
330 739 515 799 imbuciuarurn
535 741 668 817 antiquum
691 735 812 815 oppidum
838 738 964 817 exigebat.
989 736 1081 798 Varro
1110 727 1147 802 ‹te'
1232 765 1235 776 =

192 816 237 880 Re
260 819 377 882 rustica:
393 821 521 879 Subulcus
539 820 608 880 debet
629 815 819 897 confirefhcere‚
836 834 868 876 ut
885 817 974 876 omnia
1001 818 1093 880 ariam
1110 823 1148 882 ad

193 900 345 962 buccinum:
360 902 509 982 primorum
526 898 695 979 incluserunt,
706 918 763 958 curn
781 898 943 957 buccinarum
958 921 971 956 e
1006 902 1145 981 aperiunt,

84 981 91 982 ⁷
193 999 223 1039 ur
238 983 307 1043 exire
330 980 427 1064 paffirrr
439 981 470 1040 in
490 1001 546 1040 eurr
562 982 663 1052 locum,
684 979 730 1038 ubi
746 980 865 1038 hordeum
876 978 967 1060 fusum
984 981 1014 1040 in
1032 981 1147 1064 longitu-

193 1062 254 1123 dine
266 1065 313 1142 fir.
335 1061 425 1142 Hujus
440 1062 521 1123 etiam
539 1059 740 1122 consuetudinis
761 1060 787 1119 in
801 1059 918 1120 historiis
934 1059 1066 1143 Polybius
1083 1083 1148 1125 nre·

193 1144 282 1205 minit.
302 1139 348 1203 Est
365 1145 410 1224 qui
426 1143 456 1202 iu
470 1144 504 1202 bu
514 1144 635 1215 citatum,
651 1141 678 1200 id
696 1139 755 1213 est,
764 1158 854 1219 porum
867 1142 991 1217 citarum,
1007 1147 1148 1223 interpre-

192 1238 273 1294 tetur.
288 1221 323 1294 ,Τ
327 1239 450 1288 URNEB.
476 1221 590 1285 Facessat
613 1224 753 1305 negotium
776 1219 932 1283 dodislimis
949 1224 1016 1302 piris
1039 1225 1083 1285 hic
1105 1227 1149 1285 lo·

194 1322 242 1364 cus
252 1348 262 1377 ‚
271 1306 358 1386 neque
371 1306 525 1368 immerito:
536 1306 606 1366 adeo
622 1325 651 1365 ur
662 1304 785 1383 pluribus
804 1303 894 1364 modis
908 1321 1023 1365 conatus
1033 1303 1065 1365 su
1074 1304 1150 1367 Tur·

193 1383 281 1456 nebus
302 1407 398 1450 veram
415 1386 560 1448 leslionem
575 1386 712 1468 indagare.
732 1383 793 1457 sed,
808 1402 837 1444 ut
852 1387 883 1446 ἃ
905 1384 960 1465 ipse
978 1387 1093 1468 ingenue
1108 1387 1150 1448 sa.

194 1481 285 1543 tetur,
303 1467 400 1527 frustra
420 1470 544 1532 tentavit.
563 1465 625 1526 Nos
650 1484 760 1537 autem,
780 1463 828 1523 nist
848 1463 968 1525 nostrum
985 1488 1037 1526 nos
1056 1488 1073 1527 a
1112 1491 1149 1529 ιι-
1189 1531 1194 1537 ,

193 1549 267 1606 rium
286 1545 373 1623 fallit,
388 1549 461 1608 nulla
475 1566 554 1628 paene
572 1546 762 1606 immutatione
776 1543 811 1604 ad
830 1565 926 1604 veram
943 1488 1149 1610 Varronisusen·

76 1645 80 1650 ·
192 1630 306 1687 tentiam
323 1631 507 1708 pervenimus.
526 1624 678 1688 Censemus
693 1626 783 1696 enim,
800 1641 830 1683 ut
847 1644 889 1683 rec
904 1623 961 1705 ipsa
979 1626 1055 1699 vult,
1066 1631 1152 1692 itale.

197 1705 333 1788 gendum:
350 1710 432 1786 Quod
445 1730 476 1766 eu
494 1707 614 1784 perusin
630 1703 719 1764 lucica
738 1722 792 1762 turn
807 1706 940 1784 antiquum
952 1707 1076 1782 oppidum
1093 1711 1151 1768 exi.

195 1788 281 1868 gebat.
296 1787 403 1863 Barna,
418 1786 463 1848 seu
479 1790 568 1848 buceta
580 1794 669 1867 (natu
682 1800 828 1865 utrumque
843 1786 969 1865 reperio)
997 1785 1070 1858 lolsae
1080 1810 1149 1851 nreae

197 1885 304 1929 veteres
321 1870 359 1928 int
408 1885 528 1928 terantur
542 1868 643 1950 pascua
652 1912 663 1940 ,χ
677 1867 726 1926 ubi
742 1867 846 1927 cientur
863 1865 962 1926 boves.
978 1805 1071 1946 {Quod
1081 1870 1151 1952 glos-

196 1947 271 2010 sema
286 1970 343 2010 non
360 1891 450 2011 iilum
467 1950 547 2009 nobis
573 1966 694 2009 mentem
713 1945 848 2008 Varronis
873 1948 977 2027 aperit,
995 1949 1042 2008 sed
1066 1952 1151 2012 etiarn

196 2045 314 2111 etymon
360 2049 468 2092 raeterea
485 2051 536 2111 pro
554 2031 665 2091 cumulo
688 2028 773 2089 addit.
797 2035 888 2108 neque
904 2026 988 2090 semel
1009 2030 1046 2090 ita
1063 2035 1151 2113 reperi

194 2112 222 2168 in
239 2110 305 2193 ipsra
320 2051 420 2196 glossis.
474 2112 530 2172 uod
547 2110 645 2193 sripsae
664 2108 719 2170 lroc
732 2129 788 2170 non
799 2109 973 2183 monuissent,
983 2125 1075 2172 tamen
1090 2118 1150 2189 ejus

198 2193 234 2252 rei
258 2190 361 2273 semper
386 2193 551 2271 locupletem
578 2191 717 2254 auctorem
744 2179 866 2253 Gellium
882 2189 990 2252 laudare
1018 2195 1105 2274 potui.
1123 2195 1150 2256 Is
1235 2201 1278 2232 ““’

196 2273 268 2332 enim
278 2271 324 2333 lib.
335 2281 391 2346 ¹11,
401 2292 425 2332 c.
442 2291 454 2332 1
468 2274 504 2333 ira
519 2272 609 2333 scribit
620 2292 626 2332 :
637 2271 751 2332 'Timaeus
765 2272 794 2329 r'n
811 2272 932 2352 historiis,
953 2295 1021 2351 quas
1035 2276 1151 2338 oratione

115 2399 123 2414 .
198 2352 291 2413 Grera
303 2358 334 2415 de
347 2355 421 2411 relus
441 2356 535 2436 populi
556 2358 631 2414 Rom.
648 2352 814 2432 tempestat,
830 2352 914 2420 oM.
935 2355 1018 2414 Varro
1036 2357 1064 2412 in
1081 2361 1152 2416 airri-

199 2435 345 2513 quitatibus
365 2453 445 2492 rerum
463 2417 651 2506 luminarunt,
674 2451 766 2492 terrum
791 2433 897 2493 ltaliam
914 2433 945 2492 dc
963 2431 1054 2495 Grato
1073 2459 1152 2498 voca·

109 2525 113 2531 ’
196 2513 258 2573 bulo
271 2538 288 2573 a
302 2513 430 2597 pellatam
440 2514 615 2597 scripserunt,
628 2514 748 2595 quoniam
762 2515 838 2573 boues
860 2513 950 2574 Graecu
966 2517 1046 2574 veteri
1057 2516 1150 2598 lingua

196 2536 419 2656 lrurolrocr'ran·
428 2597 502 2676 suut.
520 2617 624 2677 quorum
641 2596 670 2654 ιἰι
687 2595 770 2654 Italia
795 2614 888 2674 magua
904 2595 978 2675 copia
987 2594 1062 2675 fluit,
1079 2602 1152 2657 buce·

196 2691 273 2756 taque
286 2677 314 2733 r'u
333 2698 364 2735 ea
383 2695 450 2736 terra
464 2678 538 2757 gigni
551 2675 674 2757 pascique
686 2676 768 2755 firlita
776 2677 831 2755 stur
847 2675 996 2758 compluria.
1013 2675 1082 2737 Haec
1097 2678 1150 2742 ille.

196 2757 243 2816 ubi
258 2758 327 2818 inter
365 2756 452 2817 larunt
469 2757 585 2818 audaces
601 2759 743 2831 homines,
763 2758 909 2838 bactraque.
922 2753 990 2828 Scio
1003 2759 1152 2839 equidem,

196 2837 286 2897 bucera
345 2860 361 2900 e
383 2856 519 2898 armenta:
537 2839 582 2900 sed
599 2839 748 2900 nescierunt
774 2837 841 2918 ipsr,
862 2837 934 2920 pasci
953 2839 997 2899 hic
1013 2838 1066 2899 esse
1092 2862 1150 2903 non
1266 2845 1268 2848 ’

198 2916 300 2995 νέμειν,
309 2917 355 2979 sed
369 2920 507 2998 νέμεσθαι
521 2919 633 3001 paslive.
648 2918 776 2980 Sidonius
790 2917 874 3001 Epist.
899 2939 930 2980 tr
950 2919 996 2980 lib.
1016 2939 1049 2979 ιι
1062 2942 1069 2979 :
1081 2924 1152 2981 Inter

194 3000 804 3144 lllrllslllll‘·.lz'sl‚?l?rl‡‘5'²
818 2998 1152 3145 lllll'rll‘ltlli

196 3160 354 3301 {puetarum
366 3102 595 3256 lanerarlltede
606 3165 685 3244 igitur
703 3102 820 3235 Varrollu
827 3161 969 3241 Mugionis
982 3126 1090 3240 po'rtarn
1104 3164 1152 3223 di-

225 3261 304 3301 arna
326 3261 451 3324 mugrenre
475 3265 589 3326 pecore,
607 3245 636 3302 id
657 3242 696 3303 est
713 3242 826 3314 bubulo,
850 3240 927 3320 quod
947 3261 979 3300 ea
1000 3244 1035 3302 ad
1051 3244 1151 3325 pascua

197 3322 248 3382 sua‘
269 3323 420 3406 exigerenrr
444 3325 480 3384 ab
509 3327 622 3405 antiquo
644 3324 758 3404 oppido.
784 3320 1010 3403 Quotiescunque
1033 3325 1152 3386 historici

106 3439 109 3448 ·
197 3403 316 3464 Romani
330 3406 424 3487 oppidi
438 3397 606 3465 mentionem
624 3403 737 3477 socium,
755 3402 874 3483 nihilque
883 3421 1019 3483 praererca
1035 3406 1151 3481 addunt,

196 3501 254 3544 non
275 3485 390 3545 dubium
407 3485 464 3558 est,
481 3488 622 3567 antiquam
646 3483 767 3545 Romam
790 3483 919 3566 intelligi,
932 3505 1015 3566 quarn
1032 3487 1151 3566 quadra·

196 3582 254 3625 tam
269 3568 387 3626 vocavit
400 3564 524 3626 Ennius:
544 3568 584 3625 Er
600 3566 692 3645 quibus
711 3565 841 3645 exstiterat
859 3569 947 3626 Romu
965 3587 1069 3647 regnare
1085 3569 1150 3646 q'ua·

138 3663 141 3667 ⁴
197 3651 285 3706 oraru
301 3645 408 3706 ldcirco
430 3645 520 3706 scribit
537 3647 601 3707 Liv.
621 3646 666 3703 lib.
684 3665 740 3724 45:
763 3648 799 3726 Iu
813 3649 907 3729 oppido
923 3647 1060 3707 Minervio
1080 3651 1150 3705 duas

195 3743 301 3804 portas,
317 3725 419 3785 &muri
431 3728 593 3808 aliquantum
607 3729 639 3785 de
653 3729 713 3785 culo
733 3731 835 3787 rreum.
853 3728 933 3810 lego:
949 3729 980 3785 ln
990 3729 1150 3808 oppidoMi·

198 3809 280 3870 nervii
295 3806 364 3869 duas
374 3825 487 3891 porrus,
503 3808 548 3873 rel
564 3826 655 3891 parus
676 3808 734 3873 dtr.
752 3806 864 3892 ignorat
885 3810 960 3872 enim
982 3807 1149 3900 doctissimus
