2834 4567
219 346 224 353 ’
247 371 361 448 342
425 354 495 428 M.
520 353 740 433 TERENIN
764 361 1001 439 VARRONIS

298 517 348 587 Ut
372 512 483 589 solent
512 491 679 643 Hirpini,
700 519 759 618 qui
783 522 986 597 ambulaturi
1015 551 1076 622 per
1100 528 1220 628 ignes,

96 724 100 737 .
246 596 498 700 medicamento
509 626 679 727 plautas
655 647 802 729 ungunt.
814 635 928 707 Idem
912 662 950 706 m
966 638 1031 708 XI
1048 633 1222 719 AEncidos.

285 832 432 906 Venilia
446 834 537 908 unda
543 861 644 936 qua
654 838 697 914 ad
711 839 792 916 lrtus
805 861 920 919 vemt
909 844 1078 942 Salacia,
1087 873 1164 950 quae
1177 849 1221 924 ad

60 936 63 943 ’
157 1002 162 1009 .
249 939 356 1021 salum
370 944 468 1025 redit.
490 951 591 1025 Idan.

236 1118 1219 1247 ¹'terenutwtouoortanus

132 1250 137 1263 ·
469 1250 540 1323 ar
566 1252 776 1345 Qutssus
802 1259 999 1332 ventus

364 1386 424 1457 't
462 1395 772 1479 VARRONE
810 1401 1062 1468 Posth.

296 1584 394 1667 Hanc
417 1590 546 1666 literam
571 1586 591 1693 (
599 1591 791 1703 digamma)
812 1593 996 1671 Terentius
1006 1596 1122 1670 Varro
1137 1598 1219 1675 dum

160 1706 168 1727 ⁸
248 1701 329 1777 vult
354 1704 608 1800 demonstrare,
627 1704 674 1781 ita
690 1730 762 1807 prae
765 1706 878 1783 scribit
900 1710 1011 1787 VAV.
1028 1709 1160 1811 Gaffiod.
1182 1717 1220 1785 de

247 1816 501 1914 Dtthographia.
1280 1842 1287 1855 '

242 2002 256 2022 ”
296 2013 409 2083 Varro
430 2009 508 2083 vult
530 2008 730 2111 auiloritate
752 2007 810 2082 sua
831 2002 990 2100 efficere,
1012 2030 1051 2085 ut
1072 2015 1106 2087 H
1126 2012 1220 2113 prius

247 2141 399 2221 ponatur
427 2144 467 2193 ea
489 2118 608 2207 litera,
627 2143 704 2214 quae
730 2115 969 2214 aspirationem
997 2120 1160 2211 confert,
1180 2124 1220 2199 &

101 2228 108 2243 ’
244 2232 292 2303 'eo
319 2228 423 2326 magis
448 2227 518 2300 hoc
541 2240 647 2300 tentat
674 2223 895 2322 persuadere,
918 2228 1014 2326 quod
1037 2229 1220 2305 vocatibus

185 2377 190 2395 ·
246 2344 388 2437 quoque
410 2333 501 2411 dicat
519 2335 706 2434 anteponi3
728 2352 765 2407 ut
780 2334 900 2424 heres,
913 2334 1038 2427 hircus.
1059 2341 1144 2415 sbid.

245 2460 247 2465 ’
470 2446 473 2488 l
725 2448 746 2487 ἤ

293 2547 453 2622 Pulcrum
479 2542 617 2642 aspirari
636 2542 780 2636 debere,
793 2546 907 2619 Varro
928 2564 1113 2647 negat‚ne
1135 2544 1219 2620 dua·
1274 2648 1277 2651 Ι

244 2655 589 2733 busconsonantibus
602 2655 712 2728 media
721 2652 1105 2752 intercedar'aspiratio,
1121 2656 1219 2755 quod

244 2767 387 2843 minime
399 2765 683 2895 resiumantiquis
695 2764 886 2844 videbatur.
898 2768 1005 2869 sostp.
1016 2770 1113 2843 liat.

242 2888 248 2905 ¹
265 2894 268 2905 ·
722 2884 744 2921 re

179 3000 182 3007 ’
304 2982 459 3057 Graccus
480 2979 651 3053 &Ortus
672 2975 743 3051 stne
768 2976 974 3076 aspiratione
1003 2973 1072 3051 dici
1096 2975 1222 3054 debere

244 3090 359 3164 Varro
383 3090 442 3165 ait.
468 3094 511 3164 Et
530 3110 647 3163 ortum
672 3088 831 3188 quidem,
848 3086 947 3187 quod
968 3084 1003 3159 in
1023 3112 1075 3166 *eo
1100 3088 1218 3161 omnia

246 3204 426 3277 oriantur:
448 3203 618 3277 Graccum
638 3219 750 3274 autem
770 3224 789 3272 a
806 3197 977 3298 gerendo,
993 3198 1088 3295 quod
1105 3218 1217 3271 mater

244 3310 320 3403 ejus
340 3312 523 3385 duodecim
545 3312 713 3386 mensibus
731 3328 831 3387 utero
848 3334 928 3387 eum
946 3307 1216 3413 gestaverit,put

246 3442 267 3493 a
290 3419 476 3518 gracilitate
497 3420 666 3520 eorporis.
687 3422 773 3495 ibid.

728 3533 750 3571 {¹

105 3704 113 3714 .
240 3682 246 3703 ι
305 3642 452 3715 Arenam
477 3646 592 3717 Varro
617 3641 759 3733 definit,
777 3643 801 3716 sr
822 3645 865 3717 ab
887 3639 1039 3717 ariditate
1060 3638 1214 3729 dicitur3

171 3738 173 3742 ¹
247 3776 321 3827 non
354 3753 478 3826 habere
510 3753 774 3853 aspirationem:
794 3754 818 3825 ti
843 3754 886 3826 ab
907 3751 1095 3845 haarendp,
1114 3771 1152 3824 ut
1177 3750 1214 3824 in

249 3861 385 3963 fabricis
407 3860 583 3955 videmus,
604 3861 740 3943 habere.
766 3867 855 3941 Serv.
875 3863 913 3941 in
933 3866 956 3938 1
972 3863 1104 3938 AEncid.
