2834 4567
331 337 952 418 turnionenrn
1023 314 1122 443 ,n

155 498 337 585 sedentique,
348 522 415 565 tneo
433 500 546 585 quidem
559 502 681 578 judicio,
695 503 845 585 integrior3
861 505 967 579 ecujus
984 500 1124 587 vestigiis,

155 604 213 645 non
230 586 285 660 ita,
302 605 333 646 ut
347 584 415 645 olim
428 584 526 647 leviter
541 582 688 665 suspicatus
701 584 771 655 sum,
794 585 840 645 sed
856 585 912 645 hoc
930 585 1017 645 niodo
1030 587 1122 647 leven.

156 666 225 727 dum
241 664 381 729 existimo:
405 667 457 727 Per
470 665 702 740 sstnraitairov,
721 666 823 725 nullius
840 666 885 725 ribi
899 667 990 727 annis.
1005 637 1122 730 Videtur

156 765 248 808 autern
263 748 307 809 liic
329 747 406 809 locus
425 744 479 808 eise
498 767 534 806 ex
551 746 673 828 Periplo‚
689 747 726 807 de
744 766 830 829 regno
849 749 1040 822 Amazonum,
1059 769 1123 831 quae

157 829 188 889 in
208 827 281 889 bello
300 846 411 888 armatae
424 828 513 908 pelta,
528 828 630 888 multas
654 824 770 888 illustres
786 826 914 888 vidiorias
930 849 966 889 eit
981 827 1069 902 Asia,
1089 833 1124 893 δι

156 929 258 992 inagna
275 926 352 991 parte
367 909 485 990 Europae
500 926 680 991 reportarunt.
692 909 798 970 eaedem
817 907 901 970 solitae
917 929 1022 986 mares,
1039 908 1059 970 si
1074 913 1124 993 qui

157 1010 194 1049 ex
212 992 361 1051 concubitu
377 989 558 1051 finitimorum
573 990 766 1066 nascerentur,
789 989 960 1069 interlicere,
979 1009 1008 1053 ut
1025 992 1125 1054 nullius

121 1058 124 1083 ¹
154 1072 194 1133 ibi
206 1071 319 1133 masculi
333 1072 480 1155 vestigium
498 1073 674 1137 inveniretur.

214 1168 355 1252 Anoputio
381 1166 569 1230 nemesiani
593 1166 750 1247 isthinc]
773 1165 865 1228 Vettio
886 1169 947 1229 haec
966 1166 1012 1249 est,
1024 1168 1128 1247 leclio,

156 1250 236 1324 cujus
254 1249 476 1313 emendationem
496 1256 601 1310 c'ertam
627 1248 724 1323 Junius
746 1246 883 1309 existimat
907 1249 1126 1332 Ἀνδρωπὸπολι

157 1330 223 1413 περὶ
250 1330 446 1415 ymmonis.
476 1329 531 1411 ipse
556 1348 648 1390 tamen
679 1330 799 1410 suspicor
817 1330 963 1414 legendum
983 1332 1043 1394 lini
1071 1330 1146 1395 noti·

158 1412 240 1476 aine
251 1418 286 1476 nl
301 1413 363 1475 λίπ’
383 1413 495 1474 ianam
513 1408 642 1484 dienati,
661 1411 689 1475 id
711 1409 765 1484 est,
781 1412 876 1491 procul
893 1434 910 1473 a
925 1411 1006 1474 sacris
1028 1429 1125 1476 averte

157 1493 268 1568 oleum,
288 1495 351 1566 nel,
366 1512 469 1554 caveto
486 1491 596 1552 adolere
614 1492 734 1574 pingue,
750 1492 829 1567 cujus
851 1512 1003 1574 augmento
1018 1494 1126 1577 pollent

158 1573 234 1635 sacra
248 1575 372 1635 incendio
388 1574 521 1658 consumi.
539 1570 682 1654 παροιμία
697 1590 809 1654 aperta,
823 1591 884 1653 quae
899 1591 1010 1649 monet,
1026 1575 1127 1637 sacrifi·

159 1657 203 1716 cia
218 1654 271 1717 esse
290 1654 481 1716 mediocritate
498 1653 685 1726 moderanda,
699 1673 734 1713 ne
749 1652 888 1713 adolendo
897 1654 1056 1716 aboleantur
1068 1658 1126 1737 ipsa

159 1734 244 1796 sacra.
257 1733 360 1797 Similis
377 1735 432 1797 sere
448 1731 656 1812 Platonica‚2ii
675 1731 734 1812 σῦς
748 1734 797 1795 iiii
815 1731 888 1813 nim
906 1738 938 1796 δι
956 1733 1126 1813 Horatiana,

162 1817 258 1880 Oleum
274 1840 307 1878 ne
320 1819 388 1877 addc
403 1818 512 1878 camino.
536 1814 719 1897 Quamquam
742 1812 869 1890 constat,
885 1816 1011 1877 homines
1030 1817 1127 1899 profu.

158 1900 215 1974 fot,
226 1898 262 1960 ad
275 1898 429 1983 augendam
438 1897 596 1980 religionem
612 1895 817 1970 sacrificiorum,
833 1914 947 1957 omenta
960 1898 1044 1959 etiam
1057 1900 1128 1963 mul·

158 1980 318 2042 unanimis
331 1978 470 2057 injecisse:
488 1978 565 2060 quod
581 1994 660 2038 notat
678 1976 784 2040 Persius
803 1998 820 2039 2
836 1974 894 2039 Sat.
916 1996 971 2056 47:

206 2064 271 2123 Crini
291 2063 321 2121 i‘n
337 2065 448 2141 stanna
468 2061 518 2120 tibi
538 2077 577 2120 tot
591 2059 713 2143 junicum
733 2078 835 2121 omento
855 2060 1007 2143 liquescant.

161 2151 264 2238 Magos
276 2177 347 2218 vero
363 2156 437 2216 idem
452 2152 563 2225 secisse,
582 2153 618 2214 ad
635 2151 714 2214 usum
724 2153 940 2216 incantationum
951 2153 1131 2225 occultarum,
1211 2142 1214 2153 ¹

159 2232 285 2298 catulis
302 2237 337 2298 de
359 2237 452 2320 Magis
469 2234 629 2298 Persarum:

245 2322 384 2380 Omentuni
403 2321 433 2378 in
448 2318 560 2397 flamina
578 2316 679 2399 pingue
698 2313 879 2397 liquefirciens.

202 2414 237 2475 In
259 2411 378 2471 omnibus
396 2409 448 2493 legi
469 2406 650 2471 nimime
672 2407 862 2491 nntium]
883 2405 956 2472 Puto
974 2409 1149 2475 redimita

160 2492 260 2570 scribi,
277 2491 472 2563 πολυτέλεια,
490 2484 657 2569 ὑπέρβατον.

204 2588 250 2647 Νι
268 2587 402 2666 polticms
426 2586 510 2665 δια]
533 2582 580 2644 Est
606 2598 775 2666 praeceptum
794 2582 961 2646 contrarium
980 2583 1129 2668 superiori:

162 2667 227 2729 illud
242 2683 320 2730 vetat
337 2670 365 2728 in
385 2666 466 2729 sacris
486 2662 689 2747 profusionem,
704 2668 759 2726 hoc
778 2665 870 2727 sordes
891 2685 973 2746 atque
992 2667 1128 2747 parsimo-

164 2750 258 2825 niam;
277 2749 327 2822 δι,
342 2747 393 2810 nisi
410 2768 456 2808 me
473 2745 558 2823 fallit,
574 2747 630 2808 hoc
648 2746 833 2830 fragmentum
843 2746 882 2808 est
895 2746 1028 2808 eMnnio.
1038 2745 1127 2811 Porro
1253 2742 1270 2757 ’“

162 2828 275 2891 Nonius
300 2829 432 2893 observat
453 2829 499 2890 liic
522 2827 681 2900 Pollicerea,
708 2849 762 2910 pro
789 2828 963 2891 Pollicereris.
984 2827 1047 2970 Epo
1069 2850 1127 2892 non

163 2912 279 2988 dubito,
293 2913 451 2975 Varronem
469 2908 613 2993 scripsisse,
629 2908 798 2987 Polluceres;
812 2909 889 2993 quod
901 2909 941 2972 est
956 2930 1008 2972 ver
1027 2931 1077 2973 urn
1087 2912 1129 2974 sa·

164 2993 295 3069 crificale,
308 3010 429 3055 inantea
446 2992 513 3053 dixi.

205 3089 328 3170 Denique
343 3094 464 3167 omnen]
485 3086 550 3147 Hoc
570 3084 691 3148 referunt
712 3086 834 3169 plerique
858 3084 918 3146 libri
946 3101 1055 3149 veteres
1069 3084 1131 3155 No·

165 3169 236 3230 niie
256 3168 357 3251 Satyra
374 3168 519 3252 inglorio,
541 3170 606 3250 περὶ
629 3159 716 3231 ὅταν.
743 3169 788 3228 alii
809 3168 841 3229 ln
860 3169 1031 3309 iimiwm
1054 3168 1131 3230 unde

137 3266 139 3269 ·
165 3253 288 3311 nonnulli
309 3252 421 3334 legunt,
436 3247 536 3310 Gloria
552 3249 617 3330 napi
634 3250 742 3327 pilton.
762 3249 853 3322 sorte,
896 3270 959 3309 arro
976 3250 1004 3308 in
1022 3243 1128 3327 κλοιᾷ,

166 3332 234 3414 περὶ
247 3330 342 3408 δρῶν,
364 3332 399 3393 de
419 3330 534 3404 Poenis,
551 3348 597 3391 aut
615 3330 763 3412 suppliciis.
783 3334 892 3405 inurit,
908 3328 1027 3408 catalla,
1041 3332 1130 3406 boja,

166 3413 195 3472 in
216 3434 269 3494 qua
287 3414 444 3475 vinciuntur
464 3427 602 3474 nocentes.
628 3410 684 3475 Sed
705 3415 749 3477 hae
771 3412 938 3488 conjectura
958 3411 1034 3475 leves
1052 3412 1133 3489 sunt,

167 3494 200 3556 dc
213 3515 311 3575 parum
333 3494 469 3556 firmitatis
483 3492 598 3555 liabent.

208 3589 240 3646 In
254 3588 445 3669 Menippeis]
460 3583 610 3662 Fortassis,
626 3588 655 3646 in
666 3584 815 3647 Plutorine.
827 3605 844 3648 e
854 3605 909 3669 qua
922 3582 1061 3648 Charisius
1071 3584 1131 3646 ob-

169 3667 261 3745 servat
283 3690 386 3732 vocem
408 3667 593 3750 Scriptulutn,
620 3688 672 3749 pro
694 3668 866 3750 scrupulum,
885 3687 969 3748 quam
991 3664 1037 3728 liic
1053 3665 1130 3746 apud

80 3798 83 3805 Δ
168 3750 328 3814 Arnobium
344 3750 535 3813 restituendam
551 3750 714 3811 crediderim
732 3751 805 3822 ideo,
818 3747 894 3831 quod
904 3746 1005 3829 Satyra
1016 3749 1060 3809 illa
1075 3742 1130 3810 suit
1197 3776 1200 3807 ι

168 3831 236 3918 trapi
252 3834 363 3918 φθορᾶς
376 3829 503 3898 πλούτου
513 3849 523 3897 2
532 3833 612 3913 cujus
626 3831 730 3916 insigne
741 3831 896 3919 exemplum
906 3827 1026 3901 thesauri
1040 3829 1132 3914 Apol-

155 4062 202 4091 'l'
