2834 4567
405 313 478 386 ru
528 265 938 386 uruuuuvr.
1088 318 1155 408 187

198 471 332 616 postulem
347 471 409 555 post
424 493 466 534 tor
483 492 601 555 magnos
616 474 714 546 viros,
732 491 761 531 ur
776 471 889 553 perdam
913 471 1035 554 semper,
1050 471 1155 536 assidue

208 556 290 616 udere
307 555 414 618 aleam?
432 573 463 616 ut
477 557 563 647 inquit
581 554 633 615 ille.
646 555 782 618 ScuLIG.
840 605 846 612 ,

237 635 297 697 ead„
313 636 344 697 &
361 635 400 718 sq.
419 640 518 698 Omma
532 658 592 697 vero
608 638 736 715 adparula
751 633 870 713 coemiffe.
887 636 948 696 Jam
960 635 1078 712 cuparii,
1090 639 1153 698 Mu·

190 719 255 800 ses,
280 718 366 798 Rufe,
380 710 490 798 durique
504 718 591 779 Janur
605 736 694 778 vener:
704 720 764 808 posi
781 719 904 790 Melsos,
922 718 1050 795 Melum]
1065 716 1151 799 Vulg.

199 799 298 858 Omnia
316 820 376 857 vero
395 818 423 856 ar
442 802 539 880 patula
554 797 682 877 cumrffi,
692 802 773 879 sani,
791 799 914 876 custumes
933 801 985 858 duo
1003 799 1153 879 afonso,

194 883 303 961 dumque
318 879 448 962 janusque
468 899 550 942 venet.
571 880 641 956 Haec
655 880 695 939 ‘sat
709 898 804 952 erant,
822 899 883 960 quae
901 881 947 940 vel
962 877 1152 944 eruditiffimor
1180 900 1182 905 ·

195 982 273 1020 viros
299 959 465 1021 deterrerem
477 984 495 1021 a
514 979 591 1022 tanto
611 983 645 1022 ne
664 964 722 1021 orio
753 961 958 1042 aggrediendo:
977 963 1078 1021 nedum
1098 980 1154 1101 epo

125 1105 129 1120 ,
193 1060 252 1101 ram
277 1039 420 1102 molestam
442 1046 616 1123 provinciam
644 980 829 1104 imrecimem.
851 1041 942 1121 Quod
964 1042 1053 1102 videri
1071 1064 1109 1122 po
1131 1061 1153 1104 u

194 1140 240 1182 aut
260 1125 395 1183 temerarii
413 1125 441 1183 in
459 1126 541 1186 tantis
558 1123 709 1198 erroribus,
729 1141 776 1183 aut
797 1126 965 1206 arrogantis,
983 1123 1043 1204 post
1062 1140 1151 1186 tantos

193 1204 285 1279 viros,
300 1225 413 1265 manum
437 1207 498 1266 huic
519 1205 623 1266 auciori
636 1205 798 1266 admovere.
820 1203 930 1265 Tamen
946 1208 1006 1285 quis
1028 1207 1151 1286 negarit,

192 1304 245 1345 nos
260 1286 289 1344 in
305 1286 396 1346 multis
411 1306 467 1347 oon
482 1286 625 1349 infeliciter
643 1307 760 1367 operam
778 1285 910 1367 posuiiie?
924 1285 1016 1364 Quod
1037 1286 1103 1367 quia
1113 1284 1151 1347 fe-
1223 1311 1225 1318 ¹

190 1366 274 1426 liciter
289 1366 422 1428 cesimum
444 1368 598 1448 speramus,
619 1388 676 1427 non
696 1366 750 1438 est,
773 1367 849 1447 quod
867 1367 929 1445 post
947 1385 1040 1441 tanta,
1059 1387 1149 1446 prope

189 1447 327 1522 dixerim,
351 1445 632 1530 impermistum,
654 1451 682 1507 in
706 1447 761 1507 hoc
782 1468 837 1506 uno
860 1444 1151 1526 παρακινέυνεύμωτι

190 1531 318 1586 animum
340 1527 568 1606 despondeamus.
590 1528 658 1586 Non
682 1527 757 1596 enim
779 1525 915 1596 affinpare
937 1529 1063 1607 poffurn,
1084 1529 1151 1609 quid
1188 1537 1193 1564 '

191 1627 258 1667 vere
276 1608 320 1665 hic
337 1609 521 1689 excogitatum
534 1630 552 1667 a
566 1605 648 1666 nobis
665 1604 715 1681 sir,
748 1606 795 1666 uid
812 1627 867 1665 non
885 1627 961 1667 vere.
984 1608 1050 1669 Hoc
1070 1611 1150 1670 reliu-

188 1690 298 1767 quimus
313 1686 377 1759 illis,
391 1692 446 1767 qui,
464 1687 541 1768 quod
553 1707 610 1747 noo
628 1690 672 1747 iue
695 1627 784 1749 reiric
804 1685 907 1746 diuum
923 1687 1150 1764 observaverint.

188 1765 348 1828 industriam
367 1767 480 1845 saltem,
495 1767 517 1828 fi
530 1789 584 1849 qua
603 1789 636 1846 ea
651 1708 693 1829 eff
699 1816 708 1842 ,
720 1769 828 1828 laudare
839 1785 984 1847 poterunt:
1001 1789 1070 1842 nec,
1083 1790 1147 1830 cum

209 1869 333 1929 erperam
358 1849 455 1931 aliquid
477 1848 698 1911 animadversum
723 1852 789 1922 erit,
813 1850 985 1909 voluntatem
1008 1851 1149 1930 improba·

187 1870 266 1990 [um.
280 1928 418 1990 Ponamus
433 1932 529 2013 igitur,
547 1933 584 1991 ira
594 1930 752 1992 Varronem
770 1928 916 2011 scripsrffe,
932 1931 1022 1991 donec
1039 1934 1148 2007 majora

186 2010 295 2093 ingenia
317 2011 419 2093 aliquid
440 2011 609 2075 verisimilius
636 2013 893 2074 comminiscuntur:
919 2015 961 2075 Ur
983 2013 1012 2072 in
1033 2013 1148 2074 carmine

187 2093 290 2153 Saliari
304 2094 370 2175 firm
393 2098 460 2156 lraec:
482 2096 629 2175 Cofhullae,
647 2096 733 2175 dolofi
742 2140 753 2166 ,
771 2095 820 2175 eso.
845 2094 938 2156 Ennio
955 2115 1015 2153 vero
1032 2117 1065 2154 ac
1085 2095 1147 2153 Pa·
1231 2109 1237 2128 *

186 2176 282 2245 cuvio,
303 2175 338 2232 mi
350 2176 420 2254 efia,
443 2177 562 2249 inrum,
579 2178 697 2256 mefidie,
718 2181 811 2253 orest,
829 2177 1013 2258 rudesumque,
1030 2175 1144 2255 Venefe,

184 2258 256 2335 quod
276 2277 365 2316 venere
383 2257 458 2335 post,
475 2257 584 2328 melios,
601 2258 691 2316 melior
711 2259 767 2317 &c
784 2255 845 2316 Itali
860 2257 947 2316 multa
966 2255 1046 2331 hinc,
1069 2257 1146 2338 quod

184 2358 217 2397 ea
231 2337 378 2398 emendare
391 2358 447 2396 non
459 2354 624 2419 potuerunt,
641 2336 816 2399 sustulerunt:
831 2357 915 2418 quam
925 2340 1070 2399 temerario
1081 2360 1147 2399 con·

183 2416 259 2490 silio,
273 2418 362 2478 vides.
377 2419 511 2481 Senum.
532 2415 674 2494 Jam,nis1
691 2417 786 2488 fallor,
803 2438 837 2477 ex
851 2415 972 2497 vestigiis
989 2420 1093 2498 antiqui
1111 2420 1144 2478 li.

183 2498 225 2560 bri
242 2520 337 2560 veram
351 2499 496 2560 leiiionem
512 2498 591 2578 hujus
611 2497 826 2580 depravariffimi
839 2497 893 2558 loci
907 2498 1046 2574 errimus,
1058 2519 1143 2583 quam

182 2597 262 2642 autea
279 2579 383 2641 frivoiis
401 2578 564 2660 conjeiiuris
587 2581 800 2663 indagabamusr
834 2617 839 2629 ·

363 2683 581 2721 ——omrua

222 2741 368 2823 Duparifia
389 2740 488 2823 comrffr
507 2742 573 2804 Jani
592 2744 716 2821 cufionrs.
764 2743 770 2802 ’,

200 2822 338 2883 ‘Duonus
356 2825 452 2906 ceruses
472 2824 577 2884 Divius
597 2825 734 2906 janusque
751 2822 836 2886 venit.
1125 2881 1128 2888 ,

181 2898 249 2964 Sunt
269 2921 359 2963 aurem
372 2905 429 2966 duo
444 2904 541 2966 versus
559 2903 693 2979 Saturnii,
711 2926 768 2986 quo
780 2924 879 2987 genere
895 2901 1080 2985 conscriptum
1089 2902 1140 2965 fixit

181 3004 293 3043 carmen
307 2982 416 3046 Saliare.
433 2986 478 3047 Ne
497 3007 533 3047 ue
553 2987 626 3047 enim
641 3006 704 3047 ante
724 3005 850 3067 tempora
866 2986 948 3047 Ennii
962 2983 1035 3044 aliud
1053 3004 1140 3067 genus

180 3063 310 3125 carminis
328 3065 472 3126 traciarum
521 3070 623 3129 omani.
642 3067 719 3129 Nam
743 3067 837 3126 Livius
859 3064 1036 3126 Andronicus
1055 3063 1139 3146 prosa

179 3147 320 3219 oratione,
350 3165 406 3206 non
433 3147 569 3221 versibus,
589 3147 638 3210 scri
659 3147 690 3207 su
707 3145 873 3229 Odyffeam
892 3146 941 3207 llla
962 3163 1056 3208 autem
1078 3168 1139 3209 vox

178 3229 267 3288 omnia
282 3227 309 3286 in
323 3228 414 3312 primo
424 3228 523 3305 versu,
540 3249 597 3290 non
669 3227 751 3310 ipsius
767 3227 871 3290 versus.
890 3223 1001 3308 fortaffe
1014 3227 1054 3288 est
1068 3248 1138 3311 prae-

179 3307 309 3370 cedentis.
328 3309 466 3391 Daparr'ca
482 3312 513 3370 &
532 3310 665 3389 daparilia
682 3328 791 3371 veteres
809 3306 950 3370 vocabant
966 3312 1063 3371 omnia
1075 3310 1138 3392 opi·

179 3409 254 3470 para.
272 3389 376 3471 Comrffi
396 3391 477 3473 igitur
492 3388 532 3451 est
549 3390 714 3462 comedisse,
724 3391 760 3451 ab
779 3411 834 3463 eo,
850 3390 927 3472 quod
941 3389 1061 3465 comest,
1077 3410 1135 3450 non

176 3471 298 3533 comedit
315 3471 451 3533 dicebant.
469 3470 575 3552 Comrffe
591 3473 681 3554 igitur,
699 3472 774 3552 quod
783 3470 882 3554 postea
904 3472 1014 3554 comeffe.
1035 3471 1146 3552 Neque¹

176 3552 252 3613 aliter
267 3553 405 3614 invenitur
423 3552 497 3634 apud
509 3552 645 3614 Plautum.
663 3553 781 3612 Duonur
797 3554 911 3632 renasci,
929 3553 969 3614 est
982 3551 1069 3635 prisca
1083 3553 1136 3612 lin·

176 3631 249 3716 gua,
268 3634 356 3696 bonus
370 3655 484 3698 creator.
503 3631 579 3695 Nam
594 3633 687 3710 Cerur
702 3637 729 3694 in
747 3637 866 3697 carmine
881 3632 974 3696 Saliari
986 3652 1044 3695 erar
1059 3653 1135 3693 crea·

176 3734 237 3775 tor:
254 3716 331 3797 quod
350 3715 415 3776 alibi
432 3725 569 3778 notamus.
595 3735 658 3778 uta
675 3737 776 3800 gnarus
794 3715 897 3781 facum
917 3733 1057 3799 gnarurs,
1075 3733 1132 3798 qup

175 3793 282 3861 Plautus
299 3798 399 3876 utirur3
414 3796 614 3863 &Ausonium
1037 3837 1044 3844 -
