2834 4567
253 277 441 399 mr‘
592 291 889 368 noae

265 461 381 542 Alioqui
397 457 419 521 st
434 459 501 552 legis
514 462 629 535 Jonam,
648 459 697 519 erit
714 453 811 552 'leeris
836 455 897 552 ἐωξὶ
917 455 970 518 τοῦ
982 455 1096 550 jleirrtr.
1120 459 1166 521 uel
1181 458 1230 523 ‘u-

267 546 318 608 tris
340 545 401 604 ert
426 563 480 603 utu
508 540 605 604 'buron
632 558 662 602 ut
688 537 832 622 'Apustius
857 543 919 600 emb
944 562 997 601 rou
1018 541 1230 626 ’Apseuldupon

265 627 397 689 Seuero.

636 713 761 813 Pagina
785 740 863 813 ¹09·

309 851 358 912 lin.
375 848 405 913 6.
420 844 610 929 Artemidori]
629 847 721 930 Marg.
743 843 839 930 Scalig.
856 849 982 922 Artemo,
996 846 1028 910 di
1040 867 1108 909 mox
1121 847 1212 929 jonis.

310 935 359 993 lin.
378 952 416 1012 27
432 930 469 1010 sq.
491 932 536 990 De
548 931 641 1011 quibus
651 951 707 1009 quie
724 934 863 1010 expulero,
870 929 999 1011 finguleis
1015 935 1099 990 tribus
1107 953 1121 1004 ,·
1135 950 1186 987 tum
1202 931 1235 988 de

271 1015 378 1075 ahereis
396 1013 502 1071 totidem
510 1011 620 1092 scribere
640 1033 673 1069 ac
688 1012 800 1071 diuidere
815 1011 986 1093 incipimus.]
1003 1014 1047 1072 De
1069 1013 1165 1093 quihus
1179 1028 1232 1092 qua

270 1095 464 1179 turpioribus,
480 1111 534 1184 turre
547 1094 579 1150 de
592 1091 683 1151 ulteris
700 1092 808 1151 totidem
827 1097 952 1174 seribere,
970 1116 1002 1153 uc
1017 1096 1075 1155 διε.
1095 1094 1230 1156 Scene.
1310 1171 1313 1180 Ι

254 1177 349 1240 'Idem
368 1195 421 1256 pro
435 1191 563 1255 experiere
577 1173 605 1232 in
622 1192 709 1255 marg.
729 1176 895 1254 expedierint.
1022 1255 1025 1260 ἱ

628 1309 754 1407 Pagina
780 1332 858 1385 110.
881 1406 886 1413 .

311 1445 358 1507 lin.
371 1445 399 1508 6.
418 1448 485 1526 Quo
493 1446 620 1528 petimus,
638 1445 733 1530 quod]
751 1447 856 1528 Quippe
870 1447 950 1527 quod,
966 1443 1036 1508 fotte
1050 1443 1235 1507 scribendum.

269 1527 530 1691 AlliiausiiiNQuod
543 1611 569 1671 ir
584 1609 746 1691 militarie]
765 1609 857 1692 Marg.
876 1608 975 1691 Scalig.
998 1610 1085 1689 Quom
1099 1609 1236 1671 utilitatis.

314 1689 362 1754 lin.
378 1713 423 1752 22.
438 1693 589 1773 Quorum]
608 1692 699 1775 Marg.
716 1690 814 1774 Scalig.
834 1692 994 1771 Quaerimus.

313 1774 360 1833 lin.
387 1795 421 1853 25
443 1775 481 1855 sq.
503 1774 534 1833 ln
561 1775 701 1848 adificiis,
727 1776 797 1853 quod
812 1794 864 1831 non
889 1774 1009 1832 uidemus
1029 1771 1120 1830 habere
1141 1772 1237 1830 atrium

155 1919 159 1928 ,
272 1855 450 1935 περίστυλον,
458 1855 670 1934 similitudinem,
682 1853 710 1912 se
724 1855 868 1914 cubiculum
883 1857 921 1913 ad
928 1853 1026 1931 equale
1032 1876 1045 1926 ;
1054 1874 1111 1912 cum
1124 1849 1235 1934 tumen]

275 1937 384 1996 Atrium
405 1934 586 2018 nepessinus
598 1936 701 2012 finib,
722 1936 821 1995 dolius
840 1936 884 1993 vit
905 1953 982 2017 putat
1001 1933 1079 1994 scribi
1098 1953 1236 2014 oportere.
1309 1981 1319 2002 .

278 2019 467 2079 AUGUSTIN.
485 2017 517 2075 ln
529 2015 651 2094 edificiis
667 2016 754 2097 quid?
771 2039 822 2075 nort
841 2017 960 2077 uidemus
980 2016 1074 2075 atrium
1094 2015 1238 2095 boberepe·

274 2098 370 2179 rislysii
384 2097 600 2175 fimilitutir'nem‚
616 2096 803 2157 &cubiculum
818 2098 940 2158 rediculae.
951 2094 1083 2158 Seni-16.
1099 2096 1147 2157 Al.
1164 2097 1239 2157 crebi-

273 2180 361 2238 culum
374 2176 532 2257 uduquules.
557 2175 648 2246 Placet
668 2179 776 2260 magis,
797 2182 835 2238 ad
848 2201 879 2239 ea
894 2180 1002 2256 equale.
1019 2177 1059 2237 Ut
1075 2178 1104 2235 in
1119 2175 1240 2254 vestitu,

277 2259 385 2338 inquit,
408 2256 446 2318 stc
466 2259 543 2320 &in
565 2257 687 2321 aedificiis
708 2259 834 2341 analogia
853 2261 993 2341 negligitur
1010 2276 1119 2339 propter
1139 2260 1241 2320 utilita-

275 2358 344 2400 tem.
369 2341 517 2401 nonenim
534 2344 632 2402 atrium
646 2341 730 2403 habet
745 2341 876 2481 petiliglii
894 2340 1113 2410 similitudinem,
1128 2358 1174 2400 aut
1192 2363 1241 2402 cu·

276 2422 400 2482 biculum
414 2419 448 2482 illi
466 2422 599 2485 simile&
617 2423 736 2504 aequale:
759 2443 816 2502 quo
853 2422 953 2482 utilitas
970 2421 1061 2481 suadet
1081 2405 1240 2484 diffimiliiu·

275 2503 369 2567 dinem
386 2503 433 2565 hic
445 2503 537 2588 sequi,
555 2504 693 2589 negligere
712 2503 923 2565 similitudinem.
943 2502 1075 2566 Potula,
1164 2597 1167 2604 .

642 2654 766 2754 Pagina
791 2683 868 2732 111.

316 2788 365 2851 lin.
380 2808 411 2871 9.
427 2788 532 2866 Solum,
550 2791 641 2870 quod]
659 2789 768 2863 Solum,
782 2812 850 2871 quo,
864 2810 920 2852 non
937 2811 1029 2853 nemo.
1049 2790 1241 2854 AUGUSTIN.

318 2871 366 2931 lin.
381 2890 428 2931 22.
445 2872 576 2930 Nec'tunt
589 2876 626 2928 ud
644 2871 814 2932 uitsiniurem
829 2875 939 2954 gradum
958 2872 1028 2954 bin]
1046 2871 1164 2934 Melius:
1185 2875 1243 2934 Nec

277 2972 334 3013 tuen
355 2953 392 3012 oti
410 2950 580 3012 tricliniarem
593 2954 722 3033 gradum,
740 2969 793 3011 tum
812 2958 871 3014 item
886 2957 923 3013 ud
932 2978 941 3016 .·
958 2956 1022 3026 vel,
1041 2953 1068 3013 ft
1086 2972 1188 3013 tantum
1204 2958 1243 3014 ud

279 3033 450 3093 tricliniaretn
468 3037 596 3116 gradum,
614 3055 665 3092 non
686 3035 755 3094 uem.
767 3034 841 3095 Leeli
860 3051 986 3096 veterum
1003 3036 1047 3095 alii
1068 3053 1144 3095 etant
1161 3037 1244 3096 tricli-

279 3115 384 3189 niares,
400 3113 460 3178 srve
475 3114 657 3189 discubitum,
673 3115 813 3196 inquibus
828 3115 1030 3178 discumbentes
1044 3116 1186 3178 sumebant
1202 3118 1242 3177 ci·

278 3195 365 3258 bum:
387 3196 431 3255 alii
451 3196 635 3271 cubiculares,
652 3198 681 3256 in
703 3198 803 3278 quibus
826 3198 1022 3272 dormiebant,
1040 3199 1071 3260 &
1092 3199 1243 3260 cubabant.

278 3274 340 3338 Cic.
356 3279 384 3337 in
399 3277 481 3342 Vett.
496 3279 545 3340 lib.
561 3303 598 3355 4:
616 3278 678 3341 Iam
695 3301 749 3338 nort
766 3299 860 3359 quoto,
876 3281 944 3338 unde
958 3296 1061 3339 tantum
1076 3279 1244 3359 Melitensem

279 3360 371 3442 uestem
383 3353 515 3434 salubris,
530 3360 799 3441 undequinquaginta
815 3360 986 3419 tricliniorum
1001 3362 1086 3422 lelius.
1100 3358 1178 3420 ldern
1197 3361 1242 3422 lib.

282 3460 300 3501 2
323 3441 358 3500 de
377 3439 580 3504 Divinatione:
597 3443 714 3518 Quidam
735 3441 882 3520 somniauit
904 3464 981 3502 ouum
1002 3445 1110 3524 pendere
1125 3440 1243 3522 efirser'u

280 3520 395 3602 selli'stti
412 3522 578 3592 cubicularis.
596 3523 767 3603 Lampridius
790 3523 990 3605 Heliogabalo:
1017 3526 1073 3584 Hic
1084 3523 1175 3602 solido
1199 3545 1245 3582 er·

281 3621 358 3683 gento
376 3604 468 3663 lubuit
494 3604 570 3663 huius
587 3606 614 3664 fr
629 3604 803 3676 tricliniares,
821 3607 848 3665 se
864 3605 1032 3666 cubiculares.
1054 3605 1128 3663 Hine
1149 3606 1243 3665 Varro

832 3812 841 3842 t
1093 3809 1102 3834 0
1234 3809 1243 3829 ⁸
