2834 4567
885 225 891 270 l

277 361 344 463 ηε
469 362 521 434 n.
543 362 762 439 rantur-u
787 363 1029 441 vinnons

270 526 421 612 studine,
436 522 480 599 lic
501 523 582 599 item
605 551 729 624 genere
750 526 867 626 aliquo
883 528 965 602 alio.
990 529 1033 632 ad
1053 553 1130 629 quae
1152 528 1234 605 dico

270 660 343 707 non
363 634 641 711 diffinilirudines
662 661 805 738 quoque
827 637 931 736 sequi.
951 637 1036 735 saepe
1055 640 1167 736 itaque
1188 665 1235 713 ex

269 750 385 822 eadem
398 748 595 844 supelledlili
612 749 693 825 licet
711 753 840 826 videre.
861 775 937 827 nam
958 774 1061 823 nemo
1075 750 1156 827 facit
1170 753 1236 826 tri·

269 857 366 930 clinii
386 858 512 946 ledlos,
525 859 585 932 nifi
603 860 713 958 parcis
734 862 773 934 δι
794 859 952 949 materia,
972 861 1011 934 &
1026 859 1235 952 altitudine,

270 972 309 1043 δι
326 968 443 1068 figura.
466 972 556 1065 Quis
576 973 657 1048 facit
677 998 815 1071 mappas
835 972 1034 1048 triclinarias
1056 997 1127 1045 non
1145 970 1236 1045 limi.

270 1077 332 1152 leis
346 1080 434 1154 inter
454 1082 509 1156 sel
529 1083 605 1181 quis
627 1082 821 1181 pulvinos?
842 1082 919 1177 quis
937 1081 1083 1178 denique
1103 1101 1237 1170 cetera,

270 1214 346 1286 quae
364 1191 464 1264 unius
484 1194 615 1290 generis
635 1195 699 1266 sint
718 1190 836 1288 plural
848 1195 937 1266 Cum
956 1187 1119 1288 (inquit)
1144 1190 1237 1264 utili·

269 1299 345 1370 tatis
370 1300 465 1373 causa
492 1301 683 1375 introdudla
701 1302 742 1374 fit
759 1301 894 1392 oratio,
916 1301 1145 1400 sequendum,
1163 1321 1239 1384 non

270 1434 346 1506 quae
359 1408 496 1482 habebit
510 1409 783 1501 similitudinem,
800 1408 855 1483 sed
867 1436 945 1509 quae
957 1411 1147 1482 utilitatem.
1162 1412 1238 1505 Ego

55 1529 59 1536 ’
174 1553 177 1560 ·
270 1518 581 1615 quidemxutilitatis
600 1521 698 1596 causa
716 1519 909 1595 orationem
929 1518 1050 1594 fallam
1066 1517 1130 1591 esse
1148 1542 1238 1590 con·

270 1627 379 1717 cedo,
393 1626 449 1700 sed
467 1647 506 1701 ut
520 1628 728 1730 vestimenta.
751 1653 857 1729 quare
878 1648 920 1702 ut¹
935 1629 990 1703 hic
1005 1626 1238 1702 similitudines

271 1734 471 1834 sequemurt
489 1757 527 1810 ut
551 1738 659 1812 virilis
678 1737 796 1815 tunica
823 1737 981 1811 fit'virili
1003 1737 1139 1826 fimilis,
1155 1736 1238 1809 item

269 1865 350 1945 toga
372 1866 482 1948 togaer
500 1848 546 1923 src
561 1850 742 1924 mulierum
762 1849 846 1922 stola
860 1848 972 1939 stolae,
987 1847 1238 1946 proportione,

271 1956 465 2051 &pallium
486 1955 590 2053 pallio
613 1956 738 2030 limile:
759 1956 784 2028 fi
807 1981 884 2030 cum
906 1957 969 2029 srnt
991 1956 1131 2028 nomina
1147 1953 1240 2026 utili·

271 2065 348 2137 ratis
368 2055 487 2152 causa,
502 2084 615 2138 tamen
630 2065 744 2139 virilia
767 2063 856 2137 inter
875 2066 905 2137 se
918 2063 1054 2138 fimilia:
1066 2064 1147 2137 item
1160 2087 1239 2135 mu·

211 2189 213 2196 ’
256 2171 389 2252 ,Ιίεἰπῐει
409 2174 498 2244 inter
514 2171 547 2243 se
563 2170 655 2269 sequi
675 2172 845 2246 debemus
858 2174 965 2267 Quod
978 2171 1092 2267 ajunt,
1108 2194 1146 2245 ut
1161 2194 1239 2268 per·

272 2281 378 2369 sedit,
398 2283 439 2357 dt
458 2279 625 2378 perstitit,
650 2281 696 2356 lic
717 2283 924 2380 percubuit,
950 2285 990 2357 δι
1017 2281 1240 2380 percubivitz

267 2391 436 2488 'quoniam
460 2414 533 2464 non
555 2391 717 2479 sr13non
737 2391 802 2467 effe
824 2391 1025 2490 analogiam.
1046 2391 1086 2467 δι
1107 2391 1144 2464 in
1169 2392 1240 2466 hoc
1359 2483 1363 2490 ‚

272 2519 404 2572 errant:
421 2501 516 2599 quod
532 2500 603 2574 duo
616 2500 806 2597 posteriora
824 2525 868 2573 ex
888 2499 1059 2597 prioribus
1071 2498 1240 2574 declinata

272 2632 346 2681 non
365 2610 459 2683 sunt:
481 2633 560 2684 curn
579 2610 734 2708 analogia
750 2610 956 2706 polliceatur
979 2635 1024 2683 ex
1046 2609 1180 2682 duobus
1195 2608 1240 2680 sr-

273 2720 409 2794 milibus
422 2721 572 2794 limiliter
588 2721 783 2796 declinateis
797 2722 914 2796 limilia
926 2721 1011 2796 fore.
1023 2719 1096 2813 Qui
1108 2719 1239 2812 dicunt,

179 2855 186 2860 ·
271 2832 366 2930 quod
381 2834 420 2904 srt
439 2832 624 2906 aRomulo
643 2835 779 2922 Roma,
797 2834 836 2906 δι
858 2855 930 2905 non
945 2831 1092 2903 Romula
1099 2854 1111 2916 3
1128 2854 1238 2928 neque

250 2947 311 3017 ‘ut
331 2943 373 3016 ab
391 2966 463 3016 ore
481 2941 621 3032 Ovilia,
636 2943 681 3018 fic
699 2969 719 3016 a
738 2942 834 3016 bove
856 2942 992 3015 Bovilia
1005 2994 1016 3031 ,
1031 2938 1095 3012 esse
1117 2941 1240 3036 analo·

272 3053 357 3151 glas:
368 3068 493 3140 errant,
501 3051 598 3148 quod
608 3075 712 3126 nemo
723 3051 934 3148 polliceture
945 3049 1119 3123 vocabulo
1132 3074 1240 3125 voca·

151 3171 155 3181 '
271 3161 390 3235 bulum
413 3161 576 3237 declinari
596 3162 689 3238 tello
708 3159 785 3238 casu
799 3159 956 3258 lingulati
977 3159 1011 3232 in
1027 3160 1154 3233 redum
1174 3159 1237 3232 tio·

181 3353 189 3380 s
267 3273 446 3369 ‘gularem3
460 3272 517 3347 sed
534 3298 575 3347 ex
591 3257 727 3347 duobud
745 3270 946 3347 vocabuleis
966 3269 1128 3345 similibus
1148 3267 1239 3343 casus

271 3380 425 3453 fimitirer
435 3381 622 3459 declinator
637 3381 759 3457 limiles
771 3373 855 3455 fi'eri.
873 3379 981 3474 Quod
993 3379 1131 3466 dicunt,
1142 3379 1241 3476 quod

272 3490 446 3563 vocabula
462 3491 634 3566 literarum
652 3492 847 3566 Latinarum
873 3515 947 3565 non
970 3488 1183 3564 declinentur
1203 3489 1242 3561 in

273 3595 470 3689 casus,non
482 3601 546 3673 effe
559 3600 796 3701 analogias3hi
807 3626 859 3690 ea,
871 3626 950 3697 quae
961 3617 1079 3671 natura
1091 3597 1239 3672 declina·

274 3708 305 3780 ri
316 3733 389 3781 non
402 3709 553 3806 poliunt,
561 3735 683 3785 eorum
699 3711 886 3786 declinatus
895 3708 1083 3808 requirunt.
1095 3705 1241 3805 proinde

274 3832 313 3889 ut
339 3840 411 3891 non
436 3841 476 3892 ea
501 3814 630 3894 dicatur
653 3818 719 3894 effe
739 3818 921 3921 analogia,
941 3842 1018 3918 quae
1038 3842 1058 3893 a
1079 3813 1241 3892 fimilibus
