2834 4567
308 367 375 442 DE
397 366 576 439 LINGUA
603 362 778 437 LATINA
802 364 880 436 ΗΒ.
908 365 997 439 vlu
1077 393 1138 467 ¹33

179 552 262 623 pus,
282 546 342 601 aut
369 525 522 601 meruit?
552 526 634 598 Non
663 525 728 598 bos
749 525 792 597 ad
818 524 944 598 bovem
969 525 1145 622 conlatus,

176 634 312 712 timuis?
334 636 392 723 &,
411 634 471 734 qui
489 659 529 707 etr
543 632 614 710 heis
628 653 921 729 progenerantur,
935 632 1023 707 inter
1036 633 1069 707 se
1090 637 1145 707 vi·

176 745 259 821 tuli?
280 747 382 819 etiam
400 744 457 819 ubi
479 742 640 819 diffinitis
662 740 773 833 setus,
790 761 831 816 ut
852 768 896 815 ex
916 767 1005 842 equa
1026 747 1064 819 δι
1083 745 1143 818 afi-

174 882 223 932 no
247 857 378 931 mutus:
400 877 509 944 tannen
531 854 578 929 ibi
605 853 784 953 analogia:
803 857 897 954 quod
922 879 964 929 ex
984 882 1145 955 quocun·

175 993 243 1066 que
263 968 358 1042 astno
383 969 420 1041 &
447 990 533 1064 equa
557 963 704 1038 nascitur
724 966 805 1038 irent
835 967 964 1054 mulus,
984 989 1042 1040 aut
1066 993 1145 1041 tnu-

174 1080 229 1166 la,
252 1100 292 1153 ut
313 1105 355 1153 ex
378 1102 470 1176 equo
496 1080 534 1152 &
557 1077 645 1149 astntt
667 1076 813 1149 hinnuli.
831 1078 912 1149 Non
935 1077 979 1150 fic
998 1102 1040 1150 ex
1066 1077 1143 1151 viro

175 1195 217 1266 δι
231 1189 370 1262 muliere
383 1187 496 1262 omnis
511 1186 624 1260 stmilis
639 1186 773 1283 partus?
788 1185 869 1284 quid
884 1186 979 1282 pueri
995 1188 1032 1260 δι
1048 1187 1144 1282 puel·

174 1299 242 1373 lae?
262 1325 333 1372 non
349 1301 472 1372 horum
484 1298 530 1371 ita
542 1297 628 1371 inter
642 1296 672 1370 se
686 1322 759 1370 non
774 1296 889 1370 ontttia
903 1294 1143 1369 fimilia'tnern·

161 1408 254 1493 bra,
278 1430 317 1481 ut
337 1407 513 1504 separatim
535 1407 570 1478 in
601 1407 662 1479 suo
687 1426 834 1503 utroque
850 1429 971 1503 genere
991 1403 1143 1478 fimiiitu·

173 1521 270 1595 dines
294 1519 356 1592 fint
380 1519 526 1616 pariles?
546 1520 630 1594 Non
656 1518 813 1620 homines
831 1519 965 1592 omneis
982 1543 1059 1593 cunt
1078 1517 1142 1592 sunt

172 1631 350 1706 exanima
373 1634 603 1727 &eorporn
624 1627 735 1723 partes'
757 1652 897 1724 quoque
914 1629 1038 1700 horum
1061 1654 1142 1723 pro·
1283 1649 1286 1653 ·

172 1739 339 1837 portione
365 1738 511 1810 similes?
526 1736 621 1830 Quid
646 1760 752 1833 ergo,
775 1761 852 1810 curn
880 1759 1000 1808 onutes
1022 1738 1142 1812 anitnae

172 1846 353 1921 hominurn
374 1845 440 1920 fint
465 1843 584 1917 divisae
610 1844 646 1916 itt
669 1845 811 1918 oiionas
835 1844 979 1941 parteis,
1000 1846 1087 1917 inter
1110 1847 1142 1920 se

172 1981 246 2030 non
267 1954 495 2053 proportione
517 1952 662 2028 fitnilesi
690 1953 866 2054 quinque,
890 1953 1012 2051 quibus
1037 1953 1142 2027 senti·

172 2093 268 2141 ntus:
293 2064 409 2157 sexta,
429 2089 496 2162 qua
517 2063 729 2162 cogitamust
751 2065 907 2163 septima,
929 2090 994 2164 qua
1020 2090 1142 2163 proge-

172 2195 347 2256 nerarnust
359 2175 500 2262 octava,
512 2199 583 2273 qua
596 2197 704 2249 voces
719 2173 907 2251 mittimus?
920 2176 1041 2276 igitur,
1056 2201 1141 2276 quo·

172 2290 262 2362 niam
286 2313 352 2386 qua
374 2287 550 2384 loquimur
574 2311 663 2360 voce
688 2286 907 2379 orationem,
934 2289 1021 2365 hanc
1049 2314 1141 2387 quo·
1277 2337 1279 2342 ·
1404 2293 1405 2302 ’

172 2424 240 2498 que
258 2398 387 2471 necesse
405 2397 452 2470 est
473 2417 590 2470 natura
608 2396 731 2471 habere
748 2400 930 2497 anaiogias.
943 2401 1057 2499 itaque
1077 2404 1140 2478 ha·
1233 2477 1236 2487 ,

171 2508 250 2598 bet,
262 2532 306 2580 an
321 2505 416 2579 noni
433 2506 536 2582 Videt
548 2561 559 2595 ,
573 2523 612 2579 ut
631 2506 745 2579 Graeci
758 2507 902 2581 habeant
919 2532 993 2581 eatn
1004 2509 1140 2604 quadri·

172 2616 356 2715 partitam?
374 2640 497 2706 unum,
511 2615 547 2689 in
568 2642 635 2716 qua
656 2617 696 2689 fit
713 2616 829 2704 casus;
847 2617 1005 2708 alteram,
1022 2617 1056 2691 in
1073 2644 1139 2718 qua
1275 2683 1279 2688 .

172 2747 349 2825 tempora3
369 2725 521 2815 tertiam,
545 2726 581 2799 in
606 2750 673 2825 qua
699 2745 881 2816 neutrum3
903 2733 1074 2825 quanam,
1101 2730 1138 2804 in

173 2864 239 2936 qua
254 2857 453 2935 utrumquet
470 2835 517 2910 fic
535 2859 602 2907 nos
618 2834 767 2911 habere?
785 2840 824 2911 Et
841 2837 942 2936 quid,
956 2839 1059 2912 verba
1076 2866 1138 2912 ne·

172 2947 255 3034 scis,
280 2966 318 3022 ut
343 2948 435 3045 apud
459 2943 540 3020 iilos
563 2943 628 3019 fint
652 2944 718 3019 alia
745 2944 860 3037 finita,
881 2946 947 3022 alia
973 2973 1065 3024 non:
1093 2948 1140 3023 stc

172 3077 313 3155 utraque
335 3059 399 3131 effe
423 3057 514 3155 apud
539 3080 603 3130 nos
626 3058 785 3156 equidem
808 3084 881 3133 non
905 3059 1039 3133 dubito.
1063 3058 1138 3150 Qui

171 3165 483 3241 animadverterunt
499 3167 579 3241 item
597 3166 632 3239 in
652 3194 726 3241 eant
744 3169 1025 3243 innumerabiient
1047 3166 1139 3240 finti·

171 3274 352 3348 litudinent
375 3297 577 3351 numerum:
601 3294 639 3348 ut
667 3278 771 3350 trium
794 3297 986 3374 temporum
1013 3275 1140 3367 verbi,

171 3403 208 3459 ut
231 3384 334 3458 trium
355 3384 674 3485 personarum.quis
693 3386 785 3460 enirn
803 3386 914 3484 potest
940 3411 1012 3459 non
1027 3387 1139 3460 anim·

175 3493 374 3580 advertisse,
387 3493 423 3567 in
438 3495 534 3569 omni
544 3497 703 3569 oratione
714 3496 796 3586 effe,
807 3515 846 3569 ut
858 3495 1028 3596 legebant,
1040 3497 1139 3596 lego,

109 3691 115 3704 ἱ
171 3604 299 3704 legant:
312 3605 358 3681 stc
373 3606 470 3704 lego,
483 3605 586 3706 legis,
600 3606 699 3706 legit:
712 3631 791 3681 cum
808 3607 881 3681 haee
894 3608 1010 3680 eadem
1025 3609 1141 3682 dican·

170 3731 226 3787 tur
242 3713 321 3787 alias
335 3734 371 3792 ut
387 3716 539 3812 tinguit,
556 3715 636 3788 alias
655 3736 692 3789 ut
710 3716 805 3811 plura
825 3713 1037 3816 fignificenti
1052 3717 1139 3809 Quis

170 3825 219 3900 est
237 3826 330 3901 eninr
349 3844 418 3901 tarn
439 3825 571 3916 tardus.
597 3828 659 3928 qui
680 3828 755 3904 illas
774 3853 913 3931 quoque
935 3851 1007 3902 nun
1029 3828 1138 3901 anint·
1223 3893 1227 3902 .

854 3940 913 4036 ¹3
