2834 4567
309 343 374 418 DE
398 341 573 416 UNGUA
597 339 768 414 LATlNA
793 340 870 413 LlB.
893 325 968 414 Vll.
1051 366 1113 417 nr

167 504 202 575 le
217 500 263 575 ell
283 504 375 576 redo
396 501 474 576 casu
491 461 609 589 surus,
626 500 747 597 lupus,
769 499 880 597 lepus;
899 518 1038 600 rogant,
1056 527 1118 577 cur

167 633 239 682 nort
257 608 368 684 dicant
389 607 614 706 proportione
633 607 713 681 item
735 607 831 698 suro,
845 608 949 705 lupo,
969 608 1059 704 lepo.
1081 608 1119 685 si

18 729 19 732 ’
167 717 599 816 respondent,fimilianon
611 716 696 806 effe,
708 717 804 814 quod
816 740 857 791 ea
875 740 1039 791 vocemus
1052 717 1121 791 dis··

165 828 333 914 imiliter,
360 828 456 917 sure,
482 830 577 924 lupe,
599 826 711 924 lepus:
735 826 782 903 fic
803 828 894 902 enim
920 826 1120 924 respondere
1243 919 1246 946 Ι

18 949 19 952 ’
164 939 279 1014 voluit
299 938 508 1012 Aristarchus
522 937 659 1014 Crateti.
682 963 758 1011 nam
781 963 858 1014 cum
882 939 1054 1036 scripsisset
1077 938 1122 1012 ti·

18 1129 19 1140 χ
164 1048 259 1122 milia
278 1049 360 1140 effe,
371 1050 602 1138 Philomedes,
616 1048 829 1138 Heraclides,
843 1050 1030 1123 Melicertes
1042 1077 1054 1138 ;
1070 1048 1122 1121 di·

18 1163 20 1212 ?
164 1159 238 1250 xit,
256 1185 326 1236 non
341 1161 403 1234 effe
415 1160 542 1236 fimilia.
554 1160 589 1235 in
603 1160 761 1234 vocando
778 1159 867 1233 enim
885 1159 1122 1234 cumEbrevi

164 1268 234 1343 dici
256 1269 470 1358 Philomede,
494 1296 571 1344 cum
589 1271 618 1340 E
640 1269 748 1368 longo
770 1269 967 1359 Heraclide,
986 1272 1024 1344 δι
1041 1294 1121 1343 cum

163 1381 194 1451 E
211 1378 308 1451 brevi
327 1378 511 1452 Melicerte.
527 1382 565 1450 ln
584 1363 652 1452 hoc
668 1378 785 1451 dicunt
801 1376 1025 1451 Aristarchum
1047 1403 1122 1452 nort
1167 1395 1186 1432 Χ

165 1484 383 1575 intellexiste,
396 1487 490 1584 quod
502 1505 728 1584 quereretur,
742 1511 821 1560 cum
839 1484 886 1559 stc'
896 1486 1047 1560 solverit.
1064 1488 1132 1562 Sic,

18 1635 23 1706 ⁴.
164 1595 280 1686 enim,
300 1613 338 1668 ut
363 1596 527 1695 quidquid
553 1593 588 1667 in
619 1594 787 1689 obliqueis
811 1596 938 1668 cafibus
958 1596 1122 1694 discrepa-

164 1702 241 1789 vit,
261 1702 527 1797 dicerepotuit,
548 1718 728 1795 propterea
744 1701 853 1774 cellos
872 1702 963 1776 casus
979 1729 1049 1777 non
1069 1704 1123 1777 es·

19 1809 20 1812 ’
165 1805 201 1881 se
220 1807 373 1881 fimileis:
389 1831 465 1882 cum
478 1828 661 1904 queratur,
676 1808 748 1879 duo
761 1805 848 1879 inter
869 1808 901 1881 se
923 1809 1039 1882 similia
1059 1811 1123 1886 fint

167 1945 296 2009 necne,
317 1944 389 1998 non
412 1920 532 1994 debere
555 1920 758 1995 extrinsecus
781 1921 929 2013 adsumi,
949 1948 1008 1997 cur
1031 1924 1124 1998 limi·

166 2029 212 2104 lia
240 2029 328 2104 sunt.
350 2033 461 2116 ltem,
485 2029 510 2101 fi
536 2028 615 2101 ellet
639 2028 821 2161 adoloffi,
844 2029 994 2106 fimiliter
1022 2056 1123 2118 aves.

1237 205 1244 244 l

168 2164 280 2229 oves,
308 2139 380 2213 sues
397 2137 569 2213 dicerent:
595 2140 673 2214 item
696 2162 735 2216 ut
754 2166 896 2231 orrum,
917 2141 1055 2233 avium,
1076 2143 1123 2218 fic
1243 2129 1249 2152 ’
1356 2221 1360 2232 ,

169 2243 290 2324 su'ium.
317 2247 351 2319 Si
371 2245 526 2346 analogia
549 2244 614 2336 cll,
631 2246 761 2345 inquit,
784 2271 844 2321 cur
869 2248 1014 2344 populus
1039 2247 1124 2324 dicit
1249 2237 1262 2347 ‘a'

19 2429 21 2434 ,
171 2358 234 2431 Dii
252 2359 407 2446 Penates,
427 2358 488 2430 Dii
508 2354 717 2431 Consentes?
734 2383 811 2432 cum
830 2358 888 2447 stt,
910 2377 947 2432 ut
963 2359 1019 2432 hic
1033 2384 1123 2449 reus,

171 2463 279 2553 ferus,
304 2465 419 2549 Deus;
441 2465 485 2538 stc
514 2464 549 2536 hi
577 2463 648 2557 rei,
671 2464 755 2555 feri,
779 2465 876 2541 Dei?
913 2470 993 2539 ltem
1027 2491 1125 2562 quaee

20 2599 22 2620 ³
169 2595 269 2663 runt,
295 2572 319 2645 fi
345 2573 383 2646 lit
409 2574 581 2671 analogia,
600 2600 661 2651 cur
691 2576 867 2673 appellant
878 2597 997 2649 omncs
1017 2577 1124 2650 aedem

170 2687 285 2763 Deum
305 2685 531 2774 Consentium,
546 2688 584 2760 δι
608 2711 680 2761 non
700 2687 856 2760 Deorum
873 2685 1123 2761 Consentium?

21 2799 22 2832 ³
171 2798 251 2868 ltem
273 2819 334 2869 cur
359 2794 487 2868 dicatur
512 2794 604 2870 mille
631 2796 823 2882 denarium,
849 2821 921 2869 non
945 2797 1037 2871 mille
1061 2799 1125 2869 de·

172 2906 375 2982 rariorum?
406 2905 576 2980 est.enim
603 2907 671 2980 hoc
698 2906 904 2980 vocabulum
931 2929 970 2979 ea
994 2903 1124 3002 figura,

172 3035 210 3091 ut
232 3017 409 3107 Vatinius,
438 3015 605 3104 Manlius,
628 3015 793 3090 denarius.
819 3015 918 3089 debet
944 3011 1048 3111 igitur
1069 3013 1125 3084 di·

22 3137 24 3174 '
173 3126 229 3216 ci,
250 3144 287 3199 ut
315 3125 549 3218 Vatiniorum,
576 3126 802 3214 Manliorum,
828 3115 872 3197 lic
899 3117 1146 3194 denariorum.‘

171 3237 210 3311 δι
236 3259 308 3308 non
333 3258 453 3331 equum
479 3234 651 3333 publicum
671 3232 763 3305 mille
787 3228 940 3304 alfatium
964 3225 1049 3318 esse,
1064 3209 1125 3300 ¹sed

171 3346 264 3420 mille
287 3343 493 3421 assariorum.
512 3347 554 3420 ab
574 3368 647 3442 tuto
668 3340 758 3416 enim
781 3338 898 3412 affatio
923 3332 1021 3408 multi
1044 3335 1124 3407 assa·

171 3448 236 3539 rii,
254 3451 295 3524 ab
316 3473 361 3524 eo
379 3449 584 3523 allatiorum.
604 3452 686 3522 ltem
708 3444 888 3521 secundum
914 3439 1050 3514 illorum
1072 3465 1125 3512 ra·
1169 3463 1172 3470 ·

98 3617 103 3624 .
172 3562 300 3635 tionem
320 3562 479 3650 debemus
501 3559 671 3636 secundeis
689 3554 843 3656 syllabeis
862 3551 992 3651 lougeis
1013 3552 1125 3627 dicere

172 3672 374 3757 Hedorem,
397 3672 585 3743 Nestorem.
606 3666 654 3740 est
678 3665 768 3738 enim
788 3683 825 3737 ut
847 3662 1012 3760 questor,
1035 3684 1125 3757 prae·
1173 3715 1182 3730 .

173 3798 250 3871 tor,
270 3777 414 3870 Nestor,
432 3776 567 3852 Hellor.
586 3776 629 3851 Et
654 3797 727 3848 non
757 3771 873 3846 debuit
893 3769 982 3859 dici,
1001 3766 1125 3908 quilius
