2834 4567
250 281 319 398 ni
434 306 501 380 nr.
525 283 745 379 natanto
774 306 1008 381 vnunonrs
1151 261 1154 266 ’

245 463 314 539 hoc
339 461 454 561 potius
478 462 777 554 consuetudinem,
802 490 903 563 quam
926 464 1113 564 analogiam
1133 465 1199 540 dod

245 579 368 654 minari
383 578 479 654 facile
493 579 713 653 animadverti
728 580 848 677 poffit,
863 581 985 652 dieiutn
999 582 1056 655 est.

293 694 454 792 Sequitur
474 696 516 768 de
538 696 756 783 nominibus,
778 703 852 792 qua
870 695 1029 770 differunt
1051 724 1070 770 a
1089 715 1200 773 voca-³

245 807 374 899 buleis,
386 808 464 883 ideo
483 808 578 906 quod
596 807 672 881 sunt
690 806 845 898 infinita,
861 833 901 881 ac
920 832 973 881 tes
991 810 1200 883 communeit

245 926 438 1026 defignentt
458 943 497 1000 ut
514 927 590 1011 vir,
611 926 752 1000 mulier:
777 950 854 999 curn
877 926 1018 999 nomina
1037 928 1100 1000 fint
1124 928 1202 1001 fini·

197 1055 200 1060 ’
245 1060 302 1130 ta,
322 1068 361 1117 ac
384 1039 570 1142 significent
595 1063 647 1114 res
668 1039 843 1137 proprias,
865 1058 903 1112 ut
928 1041 1036 1132 Paris,
1063 1044 1202 1119 Helena.
1241 1043 1244 1051 ’

147 1223 149 1227 .
182 1255 189 1264 1
244 1160 399 1259 equibus
418 1160 494 1235 suot
516 1160 580 1232 alia
600 1147 738 1232 nomina
757 1185 776 1231 a
797 1159 1058 1250 nominibus,ut
1080 1163 1201 1257 ilium,

245 1279 289 1352 ab
309 1277 383 1368 llo,
407 1277 447 1350 δι
468 1275 550 1365 Ilia,
571 1275 614 1349 ab
636 1273 720 1349 nior
738 1275 803 1351 alia
826 1302 846 1349 a
875 1278 1071 1369 vocabulo,
1094 1298 1134 1353 ut
1159 1282 1203 1352 ab

246 1396 351 1483 albo,
370 1394 502 1481 albius,
523 1394 625 1470 &ab
647 1412 745 1481 atro,
767 1394 888 1470 atrius:
910 1396 946 1468 in
965 1396 1111 1472 neutreis
1135 1397 1203 1471 ser·

174 1558 181 1564 -
245 1531 324 1590 vata
339 1513 386 1587 est
404 1514 566 1614 analogia.
583 1517 672 1589 Nam
696 1518 734 1589 δι
753 1538 830 1600 curn
855 1514 893 1587 fit
915 1541 935 1588 a
956 1518 1108 1591 Romulo
1126 1520 1202 1590 Ro·

247 1654 326 1720 ma,
345 1628 573 1726 proportione
597 1653 669 1702 non
690 1628 755 1720 est,
777 1630 871 1726 quod
896 1628 1011 1705 debuit
1034 1630 1100 1704 effe
1125 1632 1203 1705 Pet·

248 1747 348 1847 perni
371 1744 458 1837 filia,
483 1771 555 1821 non
575 1749 763 1844 Perpernae.
784 1748 950 1842 Perperna
970 1747 1118 1822 mulieris
1139 1769 1203 1820 ιιο·Δ

247 1889 329 1939 men
352 1865 416 1937 effe
440 1861 579 1951 debuit,
598 1862 638 1935 &
663 1880 739 1934 nata
761 1884 780 1930 a
805 1860 994 1954 Perpenno:
1022 1861 1117 1955 quod
1132 1861 1201 1950 est,

247 1973 287 2055 ut
299 1981 708 2074 Arbernus‚Perpernus=
727 1977 895 2064 nrbema,
906 1978 1082 2073 Perperna.
1095 1978 1204 2070 Quod

247 2098 274 2171 fi
296 2100 428 2168 Marcus
447 2097 611 2190 Perperna
630 2092 728 2164 virile
750 2090 800 2163 est
824 2114 973 2182 nornen,
993 2097 1030 2168 &
1051 2095 1204 2195 analogia
1306 2077 1310 2086 ⁵

124 2253 127 2259 ·
247 2208 435 2310 sequendae
456 2210 582 2284 Lucius
603 2210 713 2300 AElia,
736 2211 776 2284 &
797 2209 963 2303 Quiniius
988 2212 1123 2304 Mucia,
1148 2214 1203 2288 vi·
1247 2253 1251 2264 ·

248 2329 325 2404 tilia
348 2329 486 2404 nomina
507 2330 579 2403 effer
597 2329 777 2410 debebunt.
804 2334 884 2402 ltent
912 2356 986 2428 quae
1011 2331 1136 2406 habent
1158 2335 1202 2411 ab

249 2448 398 2554 Rhodo,
419 2448 559 2537 Andro,
580 2446 738 2545 Cyzico,
755 2431 930 2536 Rhodius,
949 2449 1113 2541 Andrius,
1128 2453 1204 2550 Cy·

198 2598 201 2605 ·
247 2564 405 2658 a'ieenus:
420 2563 568 2638 firniliter
579 2561 742 2662 Cyzicius
756 2561 844 2636 civis
858 2563 1204 2663 dicereturunusquii·
1296 2592 1303 2602 ·

243 2667 326 2782 oue.
339 2684 428 2757 Nam
447 2704 484 2754 ut
503 2682 546 2755 ab
568 2683 730 2772 Atheneis
743 2684 923 2755 Athenaeus
942 2683 1066 2757 dicitur
1085 2684 1204 2758 rhetor

247 2801 412 2890 nomine,
429 2800 487 2873 etsr
503 2824 574 2873 uon
592 2798 630 2896 stt
648 2799 880 2892 Athenienfis,
896 2800 932 2872 in
951 2801 1019 2873 hoc
1034 2797 1107 2895 ipso
1123 2823 1204 2871 ana·

249 2914 341 3013 logia
361 2939 432 2987 non
453 2914 517 2988 est:
538 2914 633 3012 quod
655 2913 713 2987 alii
734 2914 872 2987 nomina
893 2915 1016 2987 habent
1036 2915 1079 2987 ab
1101 2916 1204 3011 oppi-

28 3119 34 3128 ,
169 3088 170 3092 =
251 3035 343 3121 deis;
358 3034 413 3107 alii
427 3052 484 3106 aut
498 3057 569 3105 non
589 3031 732 3117 habent,
750 3048 807 3103 aut
823 3054 915 3138 non,
933 3050 972 3103 ut
987 3031 1132 3121 debent,
1146 3031 1205 3103 ha·

169 3215 178 3230 .
250 3156 343 3229 henr.
363 3153 486 3225 habent
499 3150 651 3249 plerique
668 3148 817 3234 libertini
835 3174 854 3222 a
875 3149 1064 3248 municipio
1084 3175 1203 3224 manu·

251 3272 349 3346 rniffi.
378 3271 537 3369 inquo,
563 3288 602 3342 ut
625 3266 823 3358 societatum
851 3263 1069 3341 &fanorum
1096 3263 1202 3356 servi,

252 3411 325 3459 non
344 3385 516 3460 servarunt
536 3382 795 3481 proportionem
816 3380 854 3455 &
871 3379 1036 3452 tationem
1048 3431 1059 3467 ,
1073 3379 1110 3452 &
1130 3378 1204 3448 Ro·

252 3525 431 3576 manorum
449 3495 559 3574 liberti
574 3499 760 3572 debuerunt
779 3495 857 3571 dici.
878 3514 915 3568 ut
934 3520 953 3568 a
976 3485 1130 3566 Faventia
1143 3493 1205 3564 Fa·

254 3618 430 3706 ventione,
453 3642 472 3689 a
498 3617 603 3690 Reate
627 3592 808 3690 Reatinus}
829 3613 873 3688 iic
896 3639 915 3685 a
941 3613 1052 3684 Roma
1075 3610 1205 3682 Roma·
1290 3643 1295 3650 ·

251 3761 324 3813 nus.
341 3756 380 3811 ut
392 3733 610 3811 nominantur
630 3758 650 3809 a
668 3730 853 3807 libertineis
868 3727 936 3805 otti
957 3724 1081 3828 publici
1099 3723 1204 3815 servi,
1342 3717 1345 3724 ’
