2834 4567
259 345 331 442 ηε
459 341 509 417 Μ.
532 343 746 426 TeuuuTu
773 347 1011 452 vtutpurs

162 573 165 582 .
261 505 329 577 rale
351 502 469 578 habeat
490 503 526 577 in
547 520 695 578 extrema
714 504 840 605 syllaba
857 508 929 596 At,
942 532 981 580 ac
998 506 1022 578 si
1040 506 1081 580 ad
1094 504 1218 584 discet-³

261 614 387 685 nendas
408 610 685 686 dissimilitudines
704 610 859 685 interest:
875 615 1035 711 quocirca
1049 640 1152 713 quare
1168 616 1217 690 ibi

260 721 376 819 potius
394 723 494 795 index
513 722 701 819 analogice,
722 746 823 819 quarn
847 721 883 792 in
906 722 1037 818 prima?
1054 724 1148 820 quod
1168 724 1218 797 ibi

260 830 402 904 abstrusa
420 832 467 904 est
486 832 790 922 diffinititudo‚ut
804 853 942 927 apparet
957 831 992 904 in
1015 832 1103 921 heis,
1117 855 1218 921 nico,

261 963 351 1027 neo,
370 939 477 1013 veho.
501 942 543 1013 ab
565 940 636 1013 heis
660 941 752 1014 eninr
774 941 939 1015 dissimilia
965 939 1051 1014 fiunt
1069 940 1218 1015 transitu.

260 1050 357 1146 quod
367 1048 412 1121 sic
422 1049 598 1138 dicuntur,
609 1073 717 1142 meus²
728 1074 802 1139 nes,
815 1049 929 1124 vehis:
940 1074 1086 1149 quorum
1100 1076 1220 1123 unum·

156 1217 162 1230 .
260 1158 422 1254 quodque
440 1156 510 1229 suas
533 1157 714 1231 conservat
734 1158 957 1233 similitudinis
977 1159 1111 1233 formas.
1126 1163 1220 1233 Ana·

257 1265 389 1362 logiam
413 1265 494 1338 item
514 1266 556 1339 de
582 1266 673 1351 heis,
693 1257 769 1362 'cpuae
790 1267 1000 1363 appellantur
1016 1267 1243 1363 prtrticipiu,v

262 1372 508 1469 reprehendunt
525 1374 630 1446 muita
649 1373 785 1470 injuria.
800 1378 980 1462 Nam..non
998 1377 1121 1450 debent
1140 1375 1220 1448 duci

262 1501 356 1557 terna
379 1509 399 1558 a
420 1484 576 1583 singuleis
597 1487 752 1586 verneio,
767 1499 956 1580 amaturus,
969 1507 1106 1579 antam,
1127 1512 1221 1560 ama·

262 1613 316 1667 tus
330 1622 340 1667 z
355 1594 451 1692 quod
476 1593 524 1667 est
550 1594 593 1667 ab
616 1619 717 1684 anto,
738 1621 876 1687 amans,
900 1600 939 1673 &
964 1615 1157 1674 amaturusc
1178 1597 1222 1668 ab

262 1728 379 1793 antor,
397 1723 534 1780 amatus.
548 1705 634 1778 Illud
654 1706 810 1805 analogia
824 1708 919 1805 quod
936 1708 1089 1803 praestare
1104 1708 1222 1795 debet,
1329 1765 1337 1777 ,

262 1813 300 1885 in
321 1813 383 1888 suo
410 1814 559 1912 quidque
592 1839 714 1912 genere
740 1814 840 1888 habet
864 1817 981 1902 casus,
1003 1837 1040 1890 ut
1066 1837 1223 1906 amarus,

121 1915 125 1924 ’
191 1917 195 1922 ’
262 1942 394 2013 amato,
411 1922 514 1998 amati
529 1951 539 1996 ε
553 1925 596 1998 ’δι
616 1923 660 1997 stc
682 1923 719 1995 in
740 1922 958 2013 mulieribus,
982 1944 1110 2011 amata,
1132 1941 1223 1997 ania·

262 2054 330 2108 tae:
357 2035 438 2108 itero
464 2052 632 2109 amaturus
656 2032 820 2128 ejusmodi
845 2033 946 2107 habet
972 2035 1238 2108 dectinationes„

130 2211 135 2218 .
262 2168 377 2218 amans
399 2144 501 2240 paulo
522 2142 640 2231 aliter,
666 2141 761 2240 quod
781 2143 850 2215 hoc
870 2166 976 2239 genus
1004 2143 1120 2216 omnia
1146 2141 1223 2216 sunt

5 2287 10 2298 ·
42 2319 43 2322 ,
195 2345 198 2351 ¹
262 2251 300 2324 in
314 2250 375 2322 suo
391 2274 514 2348 genere
528 2249 645 2323 firnilia
658 2251 896 2347 proportione.
912 2251 957 2325 src
973 2251 1083 2325 virilia
1098 2255 1136 2328 δι
1149 2278 1223 2327 rnu-

263 2357 379 2432 liebria
392 2359 468 2432 sunt
480 2358 608 2434 eadem.
626 2359 683 2433 De
695 2382 759 2451 eo,
772 2362 869 2457 quod
883 2360 918 2432 in
933 2360 1046 2456 priore
1060 2360 1148 2434 libro
1162 2386 1223 2442 ex-

263 2488 408 2544 tremum
435 2470 502 2560 est,
521 2470 601 2544 ideo
623 2495 695 2545 non
720 2470 768 2543 est
786 2470 960 2567 analogia:
985 2472 1080 2568 quod
1100 2471 1158 2567 qui
1180 2472 1224 2546 de

192 2663 196 2676 ¹
263 2581 528 2680 ascripserint,
544 2599 603 2655 aut
621 2582 710 2654 inter
729 2579 762 2653 se
775 2605 847 2653 non
867 2583 1099 2673 conveniant,
1116 2584 1223 2657 autin

265 2692 386 2791 quibus
410 2692 645 2781 conveniant,
666 2713 702 2763 ea
727 2714 804 2765 curn
828 2690 1080 2765 consuetudinis
1099 2691 1225 2766 discre-

265 2818 347 2897 pant
366 2799 498 2874 verbeis
518 2817 701 2897 utcunque.
716 2798 771 2874 sic
789 2800 879 2872 enirn
895 2801 1028 2873 omneis
1047 2800 1224 2894 repudian-

265 2908 345 2979 dum
365 2906 411 2980 est
430 2906 555 2980 atreis:
577 2907 671 3004 quod
693 2904 730 2978 in
748 2905 916 2979 medicina
931 2907 1017 2980 &in
1038 2906 1162 2981 mufica
1186 2910 1225 2983 δι
1310 2971 1314 2976 .

249 3016 302 3107 ¹in
320 3016 394 3091 aliis
412 3018 544 3092 musteis
563 3017 752 3113 discrepant
774 3015 963 3112 scriptores.
986 3016 1067 3091 item
1089 3018 1126 3090 in
1146 3019 1225 3117 qui·

265 3130 328 3205 bus
354 3130 586 3219 conveniunt,
606 3146 645 3202 ut
671 3127 846 3225 scriptcis,
872 3127 918 3202 stc
940 3127 1039 3202 etiarn
1061 3154 1099 3202 re
1123 3154 1224 3230 repu-

265 3240 367 3313 diant.
387 3266 465 3315 narn
485 3240 582 3339 quod
600 3238 647 3314 ita
667 3238 812 3325 dieitur,
830 3261 900 3314 non
925 3237 961 3309 fit
979 3261 1050 3327 ars,
1072 3236 1128 3311 sed
1142 3237 1225 3338 arti·

253 3349 324 3423 sex
344 3350 659 3447 reprehendendus,
679 3348 740 3447 qui
762 3348 862 3422 debet
886 3347 921 3420 in
947 3345 1123 3421 scribendo
1151 3372 1224 3421 non
1374 3348 1384 3358 “

4 3487 5 3494 ’
102 3465 158 3532 “.
267 3459 385 3535 vidisse
407 3483 548 3535 verum:
569 3485 643 3533 non
667 3459 746 3534 ideo
770 3482 842 3531 non
862 3456 954 3554 posse
973 3455 1072 3532 scribi
1093 3479 1225 3531 verum.

243 3567 328 3666 ,(1ιιί
354 3566 437 3643 dicit
457 3570 526 3644 hoc
550 3569 683 3662 monti,
700 3572 739 3645 δι
759 3570 831 3644 hoc
852 3567 965 3657 sonti,
987 3590 1064 3640 curn
1086 3563 1143 3637 alii
1170 3565 1226 3637 di·
1259 3573 1264 3578 ’

268 3695 345 3749 cant
359 3675 428 3751 hoc
444 3680 611 3753 monte&
625 3676 825 3751 hocsontez
844 3677 888 3749 stc
901 3676 988 3764 alia,
1000 3699 1079 3771 quae
1090 3670 1224 3761 duobus

226 3867 250 3894 .
268 3786 398 3861 modeis
411 3785 589 3880 dicuntur,
601 3810 681 3863 curn
698 3786 841 3862 alterum
856 3784 897 3861 sit
909 3808 1047 3874 verum,
1061 3783 1201 3858 alterum
1210 3830 1224 3872 ‚
