2834 4567
256 350 328 427 286
449 350 497 423 Μ.
520 349 736 421 TERENTH
762 348 997 421 VARRONIS
1022 384 1028 401 ·

257 506 480 607 populantia
508 506 621 581 fotum
651 506 824 582 conducit.
844 488 996 599 Noniui,
1019 512 1212 601 conducere,

256 624 439 693 convocare.

304 728 379 803 Nec
403 746 499 801 natus
522 726 595 816 est,
622 754 686 804 nec
706 730 898 817 morietur,
918 729 1036 829 viget,
1057 747 1159 829 veget
1179 746 1217 804 ut

177 848 181 859 ’
257 858 341 938 pote
359 837 549 935 plurimum.
572 844 661 915 Non.
687 849 801 939 Veget,
813 873 874 937 pro
892 866 1020 937 vegetat.

307 947 598 1037 vinciamus,
619 950 715 1045 quod
741 953 832 1049 apud
858 951 1006 1024 Plotium
1035 950 1218 1024 Rhetotent

258 1060 506 1147 bubulcitntet,
519 1059 611 1134 alteri
637 1059 673 1132 in
695 1062 817 1135 dolote
839 1086 911 1135 non
932 1063 1050 1138 defuit.
1074 1069 1163 1138 Non.
1184 1067 1220 1135 in

258 1172 471 1244 Bubulcitarc.
790 1168 795 1181 ’

308 1278 376 1353 Hic
395 1279 431 1351 in
446 1277 607 1377 quadrato
622 1276 725 1351 latete
742 1276 867 1377 stipatae
888 1278 999 1352 strues.
1016 1287 1105 1354 Non.
1121 1285 1225 1352 Later.

309 1388 438 1461 Harum
459 1386 579 1458 aediunt
595 1386 719 1458 summa
740 1390 822 1462 attia
841 1386 1064 1459 confutabant
1083 1388 1226 1460 archite-

262 1500 392 1572 (iones.
416 1500 505 1568 Non.
526 1496 721 1587 Constante,
735 1526 797 1591 pro
814 1496 1014 1587 confundere.

315 1609 397 1679 Haec
408 1603 655 1700 adventotibus
672 1606 856 1691 accedunt,
871 1605 973 1696 cella,
986 1604 1123 1693 claves,
1134 1601 1229 1681 clau·

265 1716 346 1804 stra,
360 1714 527 1804 carnaria,
551 1713 654 1787 dolia.
680 1720 767 1789 Non.
789 1717 908 1787 Dolia.

316 1823 451 1897 Habent
471 1824 692 1918 antepofitnm
720 1823 937 1907 alimoniam,

193 1970 199 1987 =
268 1935 391 2006 Sedens
408 1933 493 2021 altus
511 1931 626 2005 alieno
645 1930 778 2020 sumtu,

222 2122 225 2127 4
269 2044 392 2139 Neque
412 2038 486 2135 post
504 2038 702 2135 respiciens,
724 2060 834 2135 neque
855 2052 933 2108 ante
950 2036 1182 2135 prospicien33

270 2151 337 2223 Sed
355 2148 456 2225 linus
473 2145 561 2218 ititra
580 2144 701 2219 limites
722 2145 853 2243 culina.
870 2142 968 2218 Non.
989 2151 1118 2238 Lz'mu's,
1133 2151 1234 2221 Libcl·

271 2266 336 2349 lio,
357 2262 472 2329 Altum
488 2259 530 2327 ab
554 2258 685 2347 alendo,
700 2257 887 2350 Prospiccrc.

321 2365 446 2438 Sternit
459 2362 642 2458 juvencus,
656 2389 757 2464 quem
771 2365 866 2457 lnbot
880 2362 1020 2439 mollem
1034 2362 1125 2438 fecit.
1144 2366 1235 2436 Non.

166 2558 169 2567 ‚
277 2481 406 2569 Vapor,
427 2467 537 2567 vapo's.
559 2477 685 2564 Labor,
701 2479 801 2547 labos.

326 2586 430 2655 Hunc
447 2582 581 2656 Ceteris
599 2582 667 2663 cibi
687 2580 835 2656 ministra
850 2578 1003 2679 frugibus
1022 2576 1087 2652 suis
1108 2595 1240 2676 porcet.

277 2697 366 2780 Non.
385 2698 514 2780 Parcet,
527 2692 677 2786 prohibet.

327 2803 420 2873 Tum
438 2824 513 2870 eum
526 2851 538 2887 ‚
552 2799 594 2870 ad
616 2825 719 2895 quent
742 2797 888 2873 veniunt
907 2799 943 2872 in
954 2796 1146 2907 'hospitium
1156 2848 1171 2883 ,
1189 2794 1242 2868 lac

280 2907 469 2986 humanum
492 2904 624 2979 fellaffe.
640 2911 731 2978 Non.
744 2912 874 2980 Fellarc.

329 3018 482 3091 Alterum
510 3015 597 3086 bene
620 3035 796 3110 acceptum
817 3014 964 3086 dormite
993 3011 1089 3105 super
1112 3012 1244 3108 amphi-

283 3143 366 3222 tapo
380 3122 466 3197 bene
487 3122 595 3196 molli.
608 3127 757 3212 Nonius,
770 3127 973 3216 Amphitapae
992 3119 1082 3220 vestes
1095 3124 1238 3212 utrinque

281 3240 404 3310 molles.
1030 3305 1035 3315 .

334 3340 436 3411 Lecto
453 3337 556 3412 strato
573 3337 761 3425 matellam,
778 3355 905 3413 ceteras
921 3364 973 3412 tes
984 3335 1104 3434 hujus,
1117 3335 1245 3436 ubique
1274 3374 1276 3381 v

234 3434 239 3462 ¹
284 3470 356 3544 prce
377 3447 408 3518 se
429 3468 576 3542 portant.
593 3455 680 3524 Non.
701 3455 844 3523 Matella.

336 3557 404 3626 Lex
420 3580 529 3653 neque
543 3557 720 3632 innocenti
737 3579 878 3656 propter
892 3554 1101 3630 inimicitiam
1123 3555 1249 3629 obiiti·
1328 3586 1332 3594 ·

288 3666 398 3766 gillat:
428 3689 536 3760 neque
560 3668 699 3753 nocenti
725 3689 866 3769 propter
891 3667 1072 3745 amicitiant
1092 3665 1248 3765 ignoscit·

290 3780 380 3851 Nou.
402 3776 623 3877 obstrigillcte.
657 3859 660 3865 ¹
