2834 4567
391 306 891 426 aanonaurn
1052 379 1117 455 2„

121 465 129 479 ·
153 510 400 612 Cingunt‚per
412 537 511 610 quam
525 510 652 586 limbus
668 511 775 609 pitius
788 511 840 587 bis
856 513 913 588 sex
929 515 1029 615 tignis
1047 588 1050 593 .

154 623 472 714 Stellimicantibus,
489 624 573 699 altus
590 625 626 697 in
641 623 788 724 obliquo
807 626 931 699 aethere
941 682 953 716 ,
968 630 1072 702 Lunoe

153 736 254 832 Bigas
267 736 421 833 Solisque
440 753 587 831 receptat
598 734 855 828 Posthumi‚cui
866 735 1001 835 seplafia
1014 735 1125 816 foetet.

115 836 124 861 χ
154 846 277 918 Probus
291 848 530 919 Grammaticus
545 849 581 917 irc
592 849 703 944 Κεῖος.
719 850 750 919 όῖ

71 1068 78 1081 ,
203 970 358 1044 Vocatur
382 996 402 1043 a
429 968 584 1044 caelatura
610 969 761 1062 Caium,
783 970 909 1046 Graece
933 970 977 1045 ab
1002 991 1125 1049 ornatu

152 1084 271 1169 κόσμος.
285 1082 402 1159 Latine
413 1107 432 1158 a
439 1080 565 1183 puritie
581 1083 741 1159 Mundus.
754 1088 886 1160 Plinius
901 1090 957 1164 lib.
968 1091 1025 1183 11,
1038 1119 1064 1163 c.
1075 1118 1110 1182 4.

451 1273 476 1341 E
495 1275 525 1339 N
547 1273 574 1338 D
594 1273 621 1337 Y
638 1272 673 1338 M
693 1273 708 1336 l
729 1272 758 1338 0
781 1275 822 1340 N.

625 1386 646 1424 Ἰ

203 1481 279 1576 Qui
298 1478 439 1583 vigilare
460 1504 589 1560 mature
611 1485 767 1583 coepisti,
789 1485 892 1562 ineo
917 1509 951 1567 te
973 1491 1124 1568 retinue-

153 1590 212 1666 ris.
226 1597 317 1666 Non.
338 1597 514 1666 Mammam.
530 1593 599 1664 Alii
609 1620 617 1664 τ
628 1595 696 1686 Qui
698 1594 738 1693 st
750 1618 785 1666 ut
795 1599 975 1691 vigilantem
989 1627 1124 1675 matura.
1209 1646 1212 1652 «

206 1715 255 1786 Ut
277 1713 486 1785 Mercurium
511 1711 683 1784 Arcadum
702 1713 878 1787 colonum.
901 1720 991 1790 Non.
1015 1729 1126 1802 Colere,

207 1825 372 1897 Animum
392 1822 493 1896 mitto
514 1821 721 1919 speculatum
745 1842 824 1898 toto
848 1825 958 1919 orbe,
979 1831 1030 1904 uti

153 1934 254 2030 Quid
273 1934 424 2009 facerent
447 1934 625 2023 homines,
644 1959 723 2010 cum
744 1937 931 2033 experrecti
955 1939 1059 2039 fient,

155 2050 216 2121 Me
237 2045 363 2120 faceret
383 2043 583 2132 certiorem3
603 2041 627 2115 sr
650 2042 727 2143 quis
748 2044 871 2120 melius

157 2160 310 2255 Operam
332 2156 495 2247 sumeret,
518 2176 555 2229 ut
574 2153 645 2252 ejus
673 2155 818 2230 confilio
837 2155 954 2256 potius

156 2268 325 2369 ,vigilium
343 2268 615 2343 adminicularem
637 2267 808 2342 nostrum:
830 2268 888 2366 qui
909 2267 1005 2345 videt

145 2382 277 2454 ·Aiium
301 2401 502 2455 curvantem
522 2400 673 2455 extrema
693 2380 805 2456 notiis
824 2398 992 2479 tempora.

159 2497 247 2566 Nou.
271 2497 409 2590 Vigiliae.
484 2540 490 2549 .
881 2496 884 2505 ¹

208 2602 263 2677 Sic
285 2626 350 2674 vos
368 2600 468 2674 citius
489 2598 1001 2699 opinionibus-ventilabundus
1027 2600 1126 2678 miser

159 2710 280 2783 decidi.
298 2714 388 2785 Non.
417 2713 548 2806 Opinio.

210 2819 372 2894 Divirum
397 2823 581 2919 apothecas
597 2817 701 2913 Chias
720 2818 1000 2903 adscommunem
1021 2845 1127 2910 τενος
1245 2857 1248 2865 ’

162 2946 218 3003 cat
232 2932 411 3008 matellam.
428 2936 518 3008 Non.
535 2937 680 3012 Marulla.
699 2931 843 3027 Quidam
861 2936 989 3019 ἀποχὰς
1009 2937 1126 3033 Chias,

164 3047 335 3137 amphoras
353 3048 460 3118 Citius.

161 3186 164 3191 ¹
210 3155 330 3246 Quare
350 3154 372 3224 sr
394 3153 430 3227 in
458 3155 613 3258 somnum
640 3150 820 3239 recidens,
844 3154 883 3226 &
903 3153 1033 3221 οὐδέποτε
1061 3152 1127 3227 eris

160 3258 284 3335 iterum
302 3264 527 3356 exponetius.
542 3269 629 3337 Non.
641 3260 884 3357 Exponec'lum,
898 3282 1067 3337 extentum.
1080 3265 1136 3360 Q..

162 3400 227 3466 quae
246 3401 301 3447 res.
324 3370 414 3446 Alii:
436 3376 515 3469 Qua
539 3396 578 3449 re.
580 3373 619 3469 st
636 3378 672 3446 in
685 3375 852 3468 firmarium
870 3372 964 3445 rccid.

220 3483 476 3559 Discumbimus
502 3483 656 3572 mussan,
686 3483 864 3557 Dominus
894 3498 1027 3558 maturo
1052 3508 1126 3563 ovo
1193 3526 1196 3537 ·
1225 3544 1231 3548 -

163 3617 300 3670 coenam
318 3596 513 3671 committit.
534 3599 623 3670 Non.
643 3596 834 3669 committere
853 3592 1082 3685 &Dominum
1200 3596 1204 3613 ’

208 3703 314 3776 'Dum
345 3701 499 3777 sermone
524 3701 696 3779 coenulam
720 3701 900 3775 variamus.
924 3704 1053 3778 interea
1075 3721 1126 3778 te·

164 3813 239 3891 nuit
257 3814 344 3890 bene
358 3814 550 3913 tempestate
565 3811 687 3891 serena.
700 3817 786 3888 Nou.
802 3813 985 3919 Tempestas.
