2834 4567
253 382 372 481 '¹9⁶
634 382 925 458 NOTAE

301 548 437 611 Saliorum
451 546 510 608 fitie
527 546 610 608 Erant
627 549 701 609 enim
725 529 873 609 allanienta
892 547 1034 627 Janualia,
1051 548 1190 627 Junonia,
1207 554 1263 618 Mi-

184 665 189 680 ι
300 633 416 704 nervia,
438 632 518 712 priva
548 645 678 711 poemata
697 630 730 692 &
753 631 894 702 carmina,
911 631 940 689 in
964 630 1084 712 singulos
1106 655 1157 696 eos
1180 635 1262 699 Deos

300 712 465 793 conscripta.
483 711 572 792 Quod
590 732 660 772 vero
678 715 720 771 air
737 710 866 785 Nonius,
883 709 967 771 allam
1027 729 1100 793 oque
1121 719 1193 796 apud
1211 739 1261 779 ve·

299 813 372 856 teres
391 791 552 876 significalle
565 795 717 866 nutricem,
733 791 814 874 idque
832 790 950 852 difficilis
998 812 1014 852 e
1033 795 1197 870 intelleilus,
1211 819 1260 858 ne·

299 895 355 956 que
375 876 483 935 adeam
502 895 560 934 rem
577 873 661 934 ulum
681 891 808 934 veterum
833 872 959 955 producit
974 871 1089 939 testem:
1107 878 1135 935 id
1153 898 1202 938 nm
1218 879 1262 950 in·

301 959 430 1018 venimus
448 957 511 1016 alibi
527 955 600 1035 apud
623 954 742 1016 eundem
763 955 973 1036 grammaticum
992 955 1018 1011 in
1035 958 1163 1039 exemplo
1179 959 1261 1020 Var-

299 1039 375 1098 ronis
395 1038 432 1098 ab
452 1058 488 1096 eo
508 1035 644 1109 addusio,
657 1057 722 1096 cum
740 1037 820 1110 liuius
840 1036 919 1096 verbi
934 1037 1025 1095 Berere
1042 1040 1184 1099 notionem
1204 1062 1258 1101 ex·

297 1118 403 1200 plicat,
424 1117 490 1198 Affa
506 1139 560 1176 non
575 1118 657 1176 urulm
675 1120 750 1196 posi,
789 1118 844 1177 uod
854 1139 885 1176 ea
898 1132 988 1195 parere
1004 1137 1058 1175 non
1071 1137 1175 1197 poterat
1194 1143 1256 1181 mu·

298 1200 364 1271 sier,
383 1221 440 1259 rum
459 1200 537 1259 herere
557 1197 638 1277 foras
656 1198 738 1279 juffir.
760 1140 853 1258 {lodie
880 1199 953 1257 enim
978 1215 1013 1275 pe
1063 1218 1122 1259 ram
1143 1201 1259 1283 legitur,

300 1280 372 1360 Affir
392 1301 440 1338 nos
456 1278 570 1349 nurlror,
586 1278 667 1338 etlam
681 1285 707 1337 in
726 1298 810 1338 marm
828 1276 877 1336 scri
899 1299 945 1352 ιο,
957 1296 1015 1358 quo
1049 1281 1119 1340 vidi.
1145 1279 1202 1343 Ubi
1216 1302 1259 1344 ta·

296 1381 363 1422 men
385 1359 438 1420 alla
463 1381 521 1420 non
543 1357 582 1420 est
603 1361 718 1433 nutrix,
736 1357 783 1419 sed
807 1299 936 1418 adselrix
955 1359 1067 1432 mrtlier,
1091 1380 1119 1421 ut
1138 1381 1256 1425 vocantr

296 1444 334 1503 ab
350 1441 484 1514 Afranii,
495 1459 558 1521 quae
573 1438 667 1500 allidet
679 1440 766 1501 soetae.
783 1439 957 1520 ιἰιιιγίτριιιι
975 1441 1113 1503 vocabant
1127 1441 1257 1507 Tarenti·

294 1525 334 1586 ni.
359 1521 531 1604 Hesyclu'us:
548 1521 739 1605 'Aruyirprm
757 1515 773 1582 i
791 1520 857 1582 roric
882 1519 1052 1584 τικτούσαις
1075 1516 1254 1605 ineptarum

326 1603 397 1678 vul,
413 1604 445 1666 ιῖν
460 1602 585 1664 'Arrrml
605 1601 698 1682 pesae
718 1598 865 1665 καλοῦσιν.
883 1602 978 1684 Iraque
995 1602 1075 1683 supra
1093 1606 1167 1684 apud
1185 1627 1259 1668 eun-¹

294 1627 360 1748 sem
377 1686 450 1746 male
462 1684 577 1767 legitur,
596 1684 775 1767 &vepro-epse
785 1682 891 1762 μάζα,
902 1685 1071 1766 Ταραντῖνοι.
1090 1689 1169 1767 lege,
1181 1687 1255 1750 sure·

291 1764 1255 1929 llll{illeilllssllillllllltffllzlllll

293 1932 326 1993 δι
342 1931 518 1999 obmoveto,
539 1947 592 2007 pro
608 1931 780 1998 admoveto,
799 1929 857 1989 &c
875 1927 1009 1991 SeauG.
1239 1895 1251 1927 ²

334 2013 380 2073 lin.
400 2030 446 2072 ιι.
471 2010 587 2089 Versus,
605 2028 668 2089 quos
685 2009 749 2068 elur
772 2010 887 2087 erri]
903 2006 1020 2085 Ennius:

474 2090 720 2169 m-srrr'psere
739 2088 790 2147 alii
806 2110 857 2148 rem

332 2170 465 2251 mbas,
485 2190 551 2249 quos
569 2167 633 2227 olim
651 2169 761 2242 Fauni,
781 2172 900 2250 uatesque
921 2170 1067 2236 cambam:

333 2255 399 2314 Cum
420 2272 500 2334 neque
518 2252 657 2330 Musarum
671 2250 794 2332 scopulos
815 2253 950 2333 quisquam
963 2253 1120 2335 firpcrerar,

332 2336 391 2398 Nec
409 2335 471 2393 diui
484 2333 571 2414 fludio
585 2352 617 2391 ur
635 2350 700 2393 erar.
712 2363 747 2380 ·-

289 2413 356 2476 Hoc
375 2413 478 2475 Ennius
491 2412 548 2492 jasi
583 2413 674 2474 turdus
690 2416 774 2475 tacite
789 2412 854 2494 jacit
867 2413 894 2471 in
906 2409 1039 2474 Naevium
1054 2432 1187 2497 poetam,
1200 2420 1250 2500 qui

287 2496 414 2559 Saturnio
428 2496 549 2557 carmine
567 2494 714 2555 secundum
727 2495 830 2555 bellum
846 2494 978 2556 Punicum
990 2495 1138 2578 scripserat.
1155 2497 1247 2578 Quod

258 2617 264 2624 ι
307 2599 374 2639 enus
394 2580 518 2639 carminis
532 2578 569 2636 ait
586 2576 652 2636 olim
669 2593 748 2636 vates
764 2579 796 2638 &
810 2575 921 2636 Faunos
939 2595 1037 2638 canere
1054 2577 1159 2653 solitos,
1170 2583 1247 2661 quod

285 2598 320 2722 gr
338 2658 547 2721 vetustiffimum
564 2656 594 2716 id
614 2656 694 2717 fuerit
716 2658 788 2737 apud
806 2655 936 2730 Latinos,
953 2655 1030 2719 sicuti
1047 2654 1177 2721 Saturnus
1195 2681 1246 2721 ve·

209 2772 212 2778 v
284 2738 443 2800 rustislimus
463 2739 550 2800 Deus.
569 2737 653 2801 Unde
678 2737 840 2814 verisimile,
863 2737 975 2798 Faunos
996 2737 1156 2801 latinorum
1175 2746 1243 2824 (qui

285 2838 364 2880 erant
384 2838 414 2878 ιιι
435 2819 515 2901 Magi
534 2819 692 2891 Persarum,
711 2820 743 2880 &
766 2819 851 2881 Bardi
873 2816 1040 2902 Gallorum)
1067 2820 1122 2882 hoc
1143 2843 1246 2904 genere

283 2901 413 2964 carminis
426 2901 477 2961 fari
494 2900 606 2962 oracula
624 2898 670 2972 sua
689 2893 941 2962 solitos.ScAL10.
1205 2924 1217 2932 2

323 2983 371 3044 lin.
394 3003 439 3060 17.
450 2984 482 3044 A
490 2982 604 3061 uegsrhus
623 2981 768 3061 elandria]
783 2980 918 3042 Mendum
930 2979 978 3044 est.
990 2979 1121 3063 Suspicor
1137 2988 1244 3067 vagien-

278 3064 331 3125 dis.
350 3066 487 3127 Saarna.

321 3145 370 3208 lin.
395 3146 441 3209 18.
471 3147 582 3226 corpore
604 3143 745 3205 Tarracina
772 3160 904 3224 prognata
949 3143 1033 3204 eluda
1053 3145 1184 3228 vitup]
1208 3146 1242 3210 ln

281 3228 335 3289 hoc
350 3227 431 3287 versu
442 3228 543 3308 antiqui
560 3241 666 3308 poeta,
682 3223 732 3285 ersr
747 3223 904 3286 Varronem
920 3164 1033 3306 rlspicio
1049 3227 1082 3288 &
1099 3247 1240 3304 revereor,

277 3327 376 3390 parum
408 3327 501 3369 tamen
522 3306 623 3382 abest,
645 3308 712 3387 quin
737 3325 833 3386 putem
859 3325 925 3366 eum
949 3307 1166 3383 hallucinatum,
1190 3312 1240 3392 qui

276 3389 390 3471 quidem
428 3391 533 3449 cludam
549 3389 706 3471 paludatum
725 3390 929 3469 interpretetur,
948 3408 1052 3450 vocem
1075 3391 1178 3450 secutus
1195 3394 1238 3452 vi·

275 3470 382 3530 tiosam.
404 3410 504 3551 §eque
521 3474 594 3532 enim
612 3469 699 3530 Larini
719 3467 849 3531 sermonis
870 3467 1039 3531 consuetudo
1092 3472 1113 3529 ri
1130 3472 1185 3532 hoc
1196 3476 1239 3533 vi.

272 3549 512 3693 squilfffle’pt
527 3553 653 3633 pallidam
667 3572 719 3632 pro
734 3551 862 3631 paludato
878 3551 1031 3632 loquamur.
1047 3491 1176 3632 gapoeta
1192 3555 1236 3616 ille

286 3653 324 3693 cn
357 3657 365 3692 ι

272 3655 390 3775 nerlam
403 3714 439 3774 ad
451 3710 626 3773 Tritonidenr
647 3715 709 3794 palu
730 3734 775 3775 ern
792 3731 884 3773 natam
902 3710 996 3787 soille,
1012 3730 1043 3773 ut
1058 3735 1092 3775 ea
1107 3713 1166 3775 fere
1185 3737 1234 3797 pa.

271 3795 480 3937 ludep‘rognata
500 3793 643 3870 videatur,
656 3794 702 3855 sed
718 3811 810 3855 tamen
826 3794 866 3855 sas
880 3794 991 3869 nonsit,
1005 3797 1100 3855 atanri
1119 3796 1233 3877 scripto·

270 3876 310 3937 ris
345 3879 464 3948 ententia
485 3875 796 3954 recederuTuRuuu.
819 3875 904 3940 Purus
921 3895 1003 3959 purus
1030 3876 1231 3940 Hellenismus:

389 3651 516 3712 eponua
534 3631 691 3714 viderur,p
736 3653 801 3692 nara
816 3633 923 3712 pauide.
942 3631 1058 3694 Constat
1075 3636 1166 3708 enirn,
1181 3635 1236 3697 Mi·
1303 3687 1309 3698 .
1369 3667 1370 3678 ι
