2834 4567
272 339 344 407 ²¹4
467 313 519 385 M:
541 311 761 408 TERENTII
785 312 1022 385 VARRONIS

194 485 196 490 '
272 472 357 574 puli.
387 471 534 548 Primum
554 472 650 568 quod
678 472 773 563 dixi,
791 473 827 546 in
850 498 894 548 eo
917 472 992 548 sunt
1015 475 1120 554 multu
1141 491 1230 553 coni

272 605 322 660 tra
348 584 542 683 dignitatern
571 585 609 658 &
635 601 785 656 naturam
809 583 1050 681 immortalium
1076 586 1170 662 fieta:
1195 587 1233 661 in

271 697 340 769 hoc
367 695 456 768 enirn
477 695 541 785 est,
567 717 605 769 ut
628 696 727 770 Deus
755 694 840 769 alius
865 719 907 768 ex
936 696 1063 793 capite,
1084 699 1170 772 alius
1191 722 1247 774 ext
1398 791 1399 800 ἵ

140 799 147 814 ’
273 807 419 883 foemore
435 807 494 894 sit,
508 806 592 880 alins
606 833 649 880 ex
668 805 771 906 guttis
792 805 959 904 sanguinis
983 826 1089 884 natur.
1106 811 1143 881 ln
1166 810 1236 884 hoo
1359 847 1365 852 ·

273 941 312 1010 ut
341 920 402 994 Dii
432 914 532 993 fura'ti
560 920 647 1007 sint,
673 938 712 992 ut
737 917 1028 1009 adulteraverint,
1047 938 1085 993 ut
1111 917 1237 993 servie-

272 1029 343 1103 rint
361 1028 502 1103 nomini.
516 1029 677 1128 Denique
691 1028 726 1101 in
738 1030 808 1103 hoc
823 1030 940 1104 omnia
954 1030 1032 1105 Diis
1048 1029 1239 1103 attribuun·
1326 1099 1330 1104 .

274 1121 351 1230 uir,
377 1165 454 1238 quae
482 1165 554 1213 non
580 1141 686 1215 modo
710 1139 746 1212 in
775 1138 970 1233 hominem,
999 1142 1177 1216 sedetiam
1201 1140 1238 1213 in

275 1251 571 1328 contemtiffirnurn
596 1252 769 1327 hominem
795 1254 915 1328 cadere
941 1254 1090 1353 poffunt.
1108 1258 1240 1331 Secun-

276 1362 356 1436 durn
383 1386 486 1459 genus
514 1361 581 1455 est,
602 1365 697 1462 quod
723 1363 968 1451 demonstravi,
990 1366 1032 1440 de
1052 1389 1124 1462 quo
1148 1364 1262 1436 mul-'¹

167 1481 171 1494 '
276 1467 462 1548 tosillibros
487 1469 682 1565 philosophi
707 1468 938 1568 reliquerunt,
967 1471 1004 1544 in
1027 1471 1150 1570 quibus
1172 1472 1240 1561 est,

148 1630 151 1638 ·
276 1576 365 1665 Dii,
385 1577 443 1675 qui
476 1578 559 1672 fint,
585 1579 643 1653 nbi
670 1576 754 1669 tint,
773 1581 868 1677 quod
898 1605 1024 1679 genus,
1049 1580 1170 1680 quale,
1197 1603 1243 1652 ert

267 1710 428 1782 >quonam
457 1707 631 1786 tempore,
657 1713 701 1760 an
732 1686 937 1786 sempiterno
962 1686 1174 1792 fuerint‚7an
1199 1711 1243 1759 ex

277 1796 356 1894 igne
378 1799 459 1888 fin,
485 1819 522 1872 ut
544 1798 687 1873 credidit
706 1798 915 1884 Heraclitus,
937 1822 979 1870 nn
1001 1823 1046 1871 ex
1071 1797 1244 1886 numeris,

278 1928 316 1979 ιιι
331 1912 608 2007 Pythagoras,an
629 1931 671 1979 ex
685 1906 828 1995 atomis,
843 1925 880 1977 ut
897 1906 1074 1999 Epicurus.
1091 1905 1245 1996 Sicana,

277 2041 356 2113 quor
374 2003 507 2091 facilius
527 2015 615 2087 intra
636 2011 800 2108 parietes,
821 2013 857 2082 in
880 2011 1016 2101 schola,
1035 2036 1135 2108 quarn
1150 2029 1246 2083 extra

279 2123 316 2197 in
338 2123 419 2200 foro
448 2123 534 2195 ferre
563 2119 699 2219 possunt
728 2144 835 2193 aures.
863 2119 1018 2193 Tertium
1045 2121 1151 2218 genus
1177 2120 1244 2208 est,

280 2235 377 2331 quod
401 2234 436 2305 in
459 2232 597 2306 urbibus
618 2232 737 2321 cives,
763 2229 910 2303 maxime
930 2231 1126 2305 Sacerdotes
1151 2228 1246 2302 noffe

154 2333 156 2342 ’
281 2361 384 2438 atque
400 2340 629 2415 administrare
647 2341 794 2431 debent,
812 2341 847 2413 in
868 2364 939 2439 quo
953 2340 1021 2428 est,
1040 2366 1129 2440 quos
1146 2342 1245 2415 Deos

281 2451 419 2549 publice
432 2452 545 2526 colere
553 2506 565 2540 ,
578 2476 654 2549 quae
670 2449 760 2523 sacra
773 2454 816 2526 &¹
828 2447 987 2524 sacrificia
1002 2449 1113 2525 facere
1127 2475 1248 2549 quem·

283 2587 384 2659 quarn
404 2586 462 2658 par
482 2560 532 2636 fit.
551 2562 662 2634 Prima
679 2559 871 2658 Theologia
889 2560 1035 2633 maxime
1053 2584 1249 2634 accommo-

157 2679 161 2688 '
283 2672 361 2742 data
384 2671 430 2743 est
451 2671 493 2743 ad
513 2671 721 2760 Theatrum,
741 2669 884 2746 secunda
900 2671 943 2744 ad
969 2671 1158 2758 mundum,
1179 2686 1250 2742 ter·¹
1275 2693 1285 2730 ι

284 2778 331 2855 tia
352 2781 394 2853 ad
417 2781 546 2852 urbem.
566 2783 696 2881 August.
720 2786 798 2854 libro
812 2786 878 2855 eod.
899 2810 967 2877 cap.
988 2787 1022 2854 5.
1040 2782 1186 2854 Hoerhuc
1199 2810 1249 2854 rr·
1398 2801 1399 2854 ἱ

281 2893 397 2990 posui,
407 2893 473 2983 fide
495 2894 622 2963 Rircob.
643 2894 754 2962 malim
772 2916 875 2963 tamen
899 2894 961 2963 hac
981 2890 1086 2981 referre
1104 2895 1149 2972 ad
1172 2890 1251 2983 clus·
1398 2895 1399 2970 ζ

277 3006 347 3096 seut
368 3030 492 3091 corum,
512 3029 577 3096 qua
589 3004 727 3102 sparsum
745 3032 786 3075 tx
803 3009 841 3077 V
835 3028 963 3094 arrone,
981 3030 1048 3075 non
1063 3026 1169 3078 tamen
1185 2989 1252 3075 vere
1398 2999 1399 3076 i

286 3116 335 3190 bis
349 3113 423 3210 ipfis
440 3117 573 3186 artioris
590 3112 769 3205 rrftmntur.

345 3224 431 3296 Duo
455 3223 530 3298 sunt
552 3225 720 3322 principia
746 3224 905 3297 Deorum
930 3218 1180 3309 animadversa,
1209 3218 1251 3315 de

289 3334 388 3408 caeto
406 3337 444 3409 δι
459 3337 576 3408 Terra.
593 3336 725 3437 August.
745 3339 798 3406 lib.
813 3340 894 3408 VII.
912 3364 980 3430 cap.
998 3338 1058 3410 28.
1066 3335 1129 3428 sed
1143 3337 1179 3404 de
1195 3334 1253 3403 hoc
1384 3341 1391 3348 “

281 3444 482 3540 fragmento,
500 3448 582 3518 idem
595 3452 680 3541 quod
690 3450 727 3518 dr
738 3424 859 3518 durius
870 3449 1109 3542 procedentibus
1114 3445 1231 3536 sentio.

328 3556 416 3647 Qoae
430 3555 570 3650 pueritia
584 3557 629 3628 est
640 3555 834 3652 infrequens
850 3556 990 3653 pollura.
1003 3558 1093 3650 Νοιι.Ι
1104 3554 1256 3625 Pueritia.
1398 3569 1399 3652 ᾗ

339 3670 381 3741 Ει
406 3664 586 3763 ιεβειοιιεε
612 3669 650 3740 &
674 3667 781 3741 castus
805 3668 839 3739 id
865 3666 1021 3761 poffunt,
1040 3683 1078 3739 ut
1101 3687 1145 3737 ex
1167 3661 1265 3760 peri.
1398 3665 1399 3670 ’

209 3859 213 3870 ,
292 3776 374 3854 culo
395 3775 540 3877 eripiant
558 3801 634 3853 nos.
649 3781 778 3853 Nonius
790 3782 826 3852 ιἰι
846 3779 991 3886 Castiras.
