2834 4567
263 355 369 448 ‘un
393 374 568 448 ttuoun
593 373 765 450 tanna
789 377 868 451 uu.
893 378 951 449 tv.
1030 369 1101 473 ‘25
1285 475 1289 486 Ι

152 535 201 611 esl
218 534 319 609 fassus
335 535 741 633 primum‚&tellitutus
755 536 854 634 saepe,
872 562 947 610 cum
962 535 1039 609 ideo
1054 537 1104 611 sa·
1153 573 1155 578 ·
1206 541 1211 554 '
1290 629 1292 632 Ι
1389 520 1391 606 i

153 672 208 719 cra
226 649 264 720 &
284 647 337 719 uls
357 648 395 720 &
412 646 460 721 cis
481 646 632 720 Tiberim
647 671 719 720 non
740 647 904 721 mediocri
925 647 990 719 ritu
1011 645 1103 722 siant.
1210 721 1215 728 ,

151 755 323 826 Curiones
341 755 421 827 diui
440 782 457 827 a
472 756 612 829 curieisa
626 755 684 852 qui
700 753 805 845 fiunt,
825 756 911 829 utin
931 756 1002 828 heis
1017 756 1105 828 sacta
1138 749 1145 762 ⁸

27 924 32 936 .
150 858 289 934 sacianl.
301 861 585 960 Flamines‚quod
598 862 631 934 in
647 864 746 935 Latio
759 862 867 956 capite
881 864 997 933 velato
1012 880 1107 933 erant

81 1020 87 1034 ·
149 973 296 1066 semper,
305 995 344 1048 ac
356 993 454 1070 caput
467 974 611 1048 cinsiunt
625 974 792 1048 habebant
801 971 877 1060 filo,
891 970 1055 1056 Flamines
1064 971 1108 1044 di·

151 1084 207 1157 eli.
220 1086 347 1158 Horum
358 1086 478 1183 singuli
491 1086 699 1183 cognomina
714 1085 888 1157 habentab
895 1108 938 1155 eo
947 1085 1041 1168 Deo,
1050 1082 1108 1157 cui

151 1190 246 1265 sacta
260 1191 401 1266 faciuntt
414 1194 469 1265 sed
489 1193 608 1288 partim
624 1193 698 1266 sunt
711 1213 836 1287 aperta,
853 1192 972 1288 partim
986 1191 1108 1263 obscu-

150 1325 200 1372 ra.
211 1311 347 1397 Aperta,
357 1301 973 1391 utMattialis,Volcanalis;0bscuta,
984 1301 1108 1389 Dialis,

149 1409 189 1482 &
208 1409 382 1482 Furinalis.
396 1436 473 1486 cum
488 1411 598 1484 Dialis
617 1438 635 1485 a
649 1413 736 1486 Jove
752 1411 807 1496 fit,
823 1412 881 1509 qui
893 1409 1024 1483 Diovis
1042 1407 1108 1482 est:

151 1520 318 1603 Furinalis
333 1546 350 1593 a
365 1521 510 1611 Farina,
523 1521 620 1614 cujus
642 1521 753 1595 etiamr
763 1522 798 1593 in
820 1520 927 1593 salleis
941 1517 1109 1592 Furinales

150 1625 247 1700 feriae
262 1628 346 1700 sunt.
360 1631 415 1703 Sic
429 1617 562 1702 Flame'n
575 1632 709 1704 Falacer
724 1656 742 1701 a
757 1631 842 1701 divo
858 1650 952 1724 patre
967 1630 1122 1702 Falacre:
1170 1705 1174 1716 ⁸

149 1737 235 1809 Salii
259 1737 572 1831 asaltando,quod
593 1737 702 1807 facete
722 1736 757 1806 in
778 1737 927 1808 comitio·
942 1738 977 1807 in
995 1737 1111 1810 lacteis
1229 1773 1233 1782 ·

150 1843 362 1944 quotanneis
376 1846 414 1920 bc
433 1842 594 1917 solent&
616 1843 750 1916 debent.
769 1844 1042 1940 Luperci,quod
1062 1845 1112 1916 lu·
1236 1883 1239 1890 ·

152 1953 346 2050 percalibus
365 1955 400 2026 in
424 1954 583 2049 lupercali
608 1953 698 2027 sacra
713 1953 850 2029 faciunt.
866 1959 994 2028 Fratres
1007 1957 1114 2027 Arva·

153 2065 202 2137 les
216 2063 295 2136 dicti
310 2061 397 2151 sunt,
411 2047 471 2158 q'ui
481 2061 569 2136 sacta
583 2061 718 2159 publica
732 2061 860 2135 faciunt
874 2082 1065 2159 propterea,
1075 2080 1113 2134 ut

155 2171 269 2269 fruges
282 2170 391 2248 serant
406 2196 489 2244 arva
499 2197 542 2246 aa
556 2170 696 2245 fetendo
712 2174 750 2246 &
762 2171 872 2246 arveis
886 2173 1003 2247 fratres
1015 2198 1112 2245 arva·
1205 2229 1209 2242 .
1359 2192 1365 2206 ·

34 2314 36 2317 >
156 2281 205 2353 les
220 2279 300 2352 dieti
314 2280 405 2366 sunt;
416 2279 496 2377 quia
509 2279 622 2352 fratria
639 2282 809 2355 dixerunt.
819 2283 943 2355 Fratria
957 2282 1002 2355 esl
1016 2284 1114 2355 Graa-

158 2414 238 2485 cunr
253 2388 459 2484 vocabulum
472 2389 576 2484 partis
591 2382 788 2479 hominum3
800 2409 839 2462 ut
851 2391 1004 2486 Apollini
1016 2384 1114 2464 etiam

116 2579 119 2585 ,
159 2523 263 2572 nunc.
283 2499 422 2571 sodales·
440 2498 525 2571 Titii
548 2499 626 2572 disli
647 2499 689 2572 ab
703 2498 805 2573 Titiis
818 2499 961 2589 avibus,
975 2525 1057 2597 quas
1078 2500 1115 2572 in

157 2604 304 2704 auguriis
324 2608 442 2684 certeis
455 2607 636 2682 observare
658 2607 777 2682 solent.
791 2607 1063 2704 Feciales,quod
1076 2605 1116 2679 fi-

158 2716 215 2789 dei
237 2714 383 2812 publicae
404 2715 492 2785 iuter
511 2714 957 2810 populos'praeerantt'nam
977 2741 1037 2812 per
1052 2717 1115 2787 bos

40 2823 43 2845 ²
124 2868 128 2874 ⁴
158 2823 276 2913 fiebat,
290 2844 329 2895 ut
343 2821 464 2917 justum
482 2823 720 2918 conciperetur
729 2821 876 2903 bellum,
893 2821 949 2921 (δι
963 2822 1044 2910 inde⁸
1059 2823 1116 2895 de·

161 2929 302 3032 strum,)
318 2934 405 3003 &ut
424 2928 554 3003 foedere
568 2928 649 3004 fides
669 2929 760 3026 pacis
781 2929 1052 3005 constitueretur.
1065 2933 1117 3006 Ex

163 3039 234 3112 heis
248 3040 440 3130 mittebant,
453 3058 630 3136 antequam
651 3041 908 3135 conciperetur,
921 3038 980 3136 qui
994 3063 1046 3110 res
1062 3063 1117 3109 re·

26 3201 32 3228 2
57 3217 60 3224 .
163 3169 334 3248 peterent:
347 3152 383 3224 δι
395 3175 455 3246 per
467 3151 530 3223 hos
544 3150 644 3222 etiam
659 3174 752 3223 nunc
765 3146 802 3221 fit
815 3147 950 3238 foedus,
967 3146 1062 3245 quod
1076 3146 1118 3219 fi·

32 3267 37 3276 '
153 3262 227 3333 ..alus
241 3251 356 3336 scribit
370 3258 498 3331 Ennius
514 3258 647 3332 dislum.
670 3263 706 3330 ln
720 3283 756 3331 re
771 3255 906 3329 militari
922 3259 1051 3328 Praetor
1066 3256 1119 3329 di·

37 3356 41 3364 ¹
78 3431 80 3435 Α
163 3371 255 3460 slus,
276 3367 339 3467 qui
356 3367 488 3463 praeiret
506 3366 680 3444 exercitui
700 3372 886 3461 lmperator
909 3363 952 3437 ab
974 3364 1118 3463 imperio

162 3477 303 3580 populi,
320 3476 382 3574 qui
402 3501 475 3567 eos,
487 3479 545 3577 qui
564 3478 598 3551 id
616 3476 855 3565 adtentallent,
874 3476 1033 3574 oppteffit
1050 3479 1119 3551 ho·

163 3587 249 3663 fleis.
266 3587 400 3690 Legati,
416 3586 476 3684 qui
496 3588 571 3660 lesli
586 3585 740 3684 publice,
754 3607 901 3681 quotum
912 3611 1020 3682 opera
1034 3610 1120 3657 con·

163 3697 306 3794 filioque
325 3716 475 3776 uteretur
490 3720 628 3797 peregre
644 3695 868 3794 magistrumn
886 3695 989 3794 quire
1002 3694 1120 3767 'nuntii
1249 3731 1258 3742 κ

27 3867 28 3870 ¹
163 3805 295 3888 senatus
311 3822 369 3883 aut
387 3805 509 3909 populi
530 3804 644 3881 esent.
662 3802 859 3900 Exercitus,
875 3803 971 3907 quod
988 3801 1121 3877 exerci-
