2834 4567
207 483 213 502 Ι
283 396 351 475 ¹54
481 376 529 446 u.
554 373 769 447 murum
794 374 1028 449 vnnuoms

278 554 354 632 par,
371 534 425 609 sed
448 534 484 608 in
508 534 569 608 suo
590 533 731 634 quisque
756 559 876 634 genere
899 535 1025 634 siquid
1049 535 1165 627 decii,¹
1180 561 1234 611 re·

277 646 477 745 quirendum
491 673 502 718 ι
515 646 558 718 ad
579 647 652 719 haec
670 647 780 721 addita
803 647 938 720 fierunt
950 671 1097 744 ea,quae
1110 649 1151 720 de
1166 671 1235 720 no·
1372 675 1375 682 ¹

277 754 470 829 minativeis
484 755 580 851 supra
598 756 674 829 sunt
693 757 800 845 diua,
814 755 945 830 facilius
965 757 1080 832 omnia
1098 756 1248 857 {elren-h

278 881 340 938 tur.
366 864 453 937 Nam
473 888 510 937 ur
529 866 619 939 illeic
644 883 830 939 extremum
853 885 954 964 caput
983 867 1091 939 rudos
1117 865 1253 954 casus,‹

276 973 320 1048 fic
340 975 414 1050 heic
428 974 463 1047 in
480 973 591 1052 forma
610 974 656 1049 est
668 975 810 1072 persona
828 974 923 1070 ejus,
943 976 1183 1074 quiioquitur‚
1195 978 1235 1049 δι

275 1101 407 1179 ternpus
432 1083 598 1178 presens:
619 1104 657 1157 ur
682 1084 817 1173 scribo,
842 1084 930 1184 lego.
954 1110 1055 1182 quare
1082 1102 1119 1157 ut
1144 1083 1235 1156 illeic

274 1188 335 1279 fit,
356 1190 401 1265 sic
412 1191 489 1266 heic
507 1193 588 1266 item
607 1192 767 1267 deciderit
783 1193 817 1265 in
830 1193 996 1280 formula,
1013 1212 1050 1265 ut
1062 1213 1119 1267 aur
1133 1209 1236 1288 caput

274 1321 347 1372 non
369 1298 430 1388 fir,
443 1316 500 1372 eut
520 1324 563 1372 err
583 1299 696 1373 alieno
713 1324 836 1399 genere
855 1300 919 1373 fint
936 1301 1163 1402 proportione
1175 1326 1235 1372 ea·

274 1405 457 1501 demque
478 1405 569 1479 illeio
586 1406 752 1494 dicimus,
765 1407 1056 1481 curnihilominus
1080 1407 1233 1479 servetur

274 1514 428 1613 analogia
438 1513 543 1610 :item
565 1514 648 1588 ficut
669 1514 761 1589 illeic
787 1535 887 1612 caput
910 1516 1002 1589 suum
1024 1516 1180 1601 habebit,
1194 1519 1235 1588 δι

273 1620 310 1694 in
334 1624 502 1722 obliqueis
519 1623 649 1699 casibus
669 1624 823 1699 tranfitio
841 1626 905 1698 erit
928 1627 965 1697 in
990 1625 1134 1724 aliquam
1159 1623 1235 1704 for·

273 1733 424 1822 mulam,
444 1759 508 1831 qua
529 1733 697 1822 adsumta,
718 1735 844 1832 reliqua
870 1734 999 1809 facilius
1024 1736 1157 1830 possunt
1182 1732 1233 1805 vi·

221 1889 224 1896 -
272 1842 344 1915 deri
358 1843 461 1915 verba
477 1843 567 1916 unde
587 1843 652 1915 {int
672 1842 847 1916 declinata.
870 1845 921 1913 Fit
942 1842 1031 1912 enim
1043 1894 1056 1931 ,
1070 1860 1113 1913 ut·
1125 1840 1233 1913 reuus

272 1979 521 2053 nonnunquam
544 1955 583 2028 fir
604 1955 806 2050 ambiguus:
828 1972 868 2025 ut
889 1955 925 2024 in
940 1954 1006 2027 hoc
1029 1955 1136 2025 verbo
1154 1959 1234 2028 Vo-

270 2063 328 2154 lo,
343 2066 439 2161 quod
459 2064 493 2136 id
507 2065 575 2135 duo
596 2060 782 2159 dignificare
800 2071 906 2134 unum
929 2086 947 2132 a
972 2060 1170 2148 voluntate,
1186 2060 1233 2132 al·

109 2197 111 2208 ·
198 2213 202 2234 ι
272 2188 381 2245 terum
403 2197 424 2243 ιι
444 2170 607 2245 volando.
633 2174 751 2266 ltaque
774 2195 793 2244 a
817 2170 914 2242 Volo
944 2167 1170 2266 intellegimus
1195 2170 1234 2243 δι
1297 2253 1301 2258 ,

272 2280 390 2354 volare
409 2280 447 2352 δι
465 2277 564 2350 velle.
578 2278 728 2372 Quidam
741 2277 1011 2375 reprehendunt,
1027 2276 1121 2374 quod
1138 2275 1230 2349 Pluir

271 2389 311 2464 dr
331 2387 410 2462 Luit
433 2388 583 2464 dicemus
603 2391 638 2463 in
660 2391 834 2486 praeterito
858 2391 896 2463 δι
919 2388 1072 2485 praesenri
1095 2408 1234 2483 rempo-

271 2523 329 2587 re,
346 2523 425 2573 cum
444 2496 609 2595 analogiae
627 2497 675 2570 sui
689 2495 852 2598 cujusque
868 2498 1031 2594 temporis
1053 2498 1155 2574 uerba
1171 2498 1232 2568 de·

270 2609 373 2684 beant
386 2605 624 2683 discriminare.
638 2607 833 2681 Fallunrurr
847 2633 925 2679 nam
945 2606 992 2679 est
1006 2661 1017 2695 ,
1035 2631 1074 2680 ac
1090 2623 1232 2704 purant,
1248 2677 1253 2692 ,

270 2717 389 2790 aliter:
404 2718 500 2816 quod
518 2718 554 2790 in
568 2716 764 2814 praereriteis
784 2720 819 2790 U
833 2717 975 2793 dicimus
987 2716 1132 2813 longum
1147 2715 1232 2806 luit,

269 2826 380 2924 pluit:
401 2828 437 2899 in
464 2826 619 2924 presenti
650 2827 757 2901 breve
784 2827 874 2915 luit,
898 2825 996 2922 pluit.
1022 2826 1168 2921 Ideoque
1193 2823 1231 2895 in

122 2955 126 2964 ’
269 2935 479 3011 venditionis
493 2936 564 3033 lege
576 2933 673 3009 fundi
693 2954 766 3008 ruta
786 2936 872 3012 eaesa
893 2932 939 3008 ira
960 2932 1122 3023 dicimus,
1138 2953 1175 3005 ιιι
1195 2936 1229 3007 U

269 3048 506 3143 producamus.
522 3049 605 3120 Item
616 3046 780 3142 reprehen
830 3043 1038 3144 mquidem,
1059 3044 1154 3142 quod
1165 3069 1230 3141 pu·

269 3175 343 3229 rant
364 3156 450 3231 idem
470 3157 534 3232 effe
555 3152 708 3231 sacrifico
727 3156 766 3229 δι
801 3152 977 3242 retineor,
1001 3154 1038 3227 δι
1061 3154 1172 3241 lavat,
1192 3157 1230 3229 δι

238 3333 242 3350 ,
270 3265 414 3341 lavatur.
438 3268 534 3366 quod
553 3267 593 3340 sit
612 3291 655 3341 an
675 3290 771 3355 non,
790 3264 875 3337 nihil
889 3283 1088 3340 commovet
1109 3264 1230 3336 analo·

270 3372 380 3468 giam3
397 3375 477 3448 dum
497 3372 676 3460 sacrificat,
691 3373 750 3472 qui
764 3373 876 3465 dicar,
893 3374 1003 3448 servet
1016 3371 1229 3462 sacrificabo,

270 3480 308 3553 δι
330 3479 376 3553 slc
397 3507 457 3578 per
476 3503 582 3557 rotam
600 3483 755 3558 formem.
778 3509 842 3558 nec
858 3484 949 3557 dicat
970 3481 1229 3573 sacrificandus,

270 3604 327 3666 aut
350 3586 549 3665 sacrificatus
571 3591 653 3665 sum.
672 3592 746 3666 haec
768 3593 858 3678 enim
880 3593 969 3666 inter
992 3592 1023 3664 se
1043 3616 1115 3663 non
1142 3616 1228 3666 con·

207 3745 212 3752 -
271 3695 424 3769 veniunt.
443 3700 542 3793 Apud
555 3699 709 3772 Plautum
724 3726 802 3775 cum
821 3700 923 3787 dicit,
944 3698 1066 3784 Pisceis
1075 3723 1140 3796 ego
1153 3721 1228 3771 cre·

269 3803 338 3901 do,
351 3805 411 3905 qni
431 3803 535 3906 usque
559 3808 639 3883 dum
660 3807 809 3905 vivunt,
830 3809 1011 3903 adurant,
1036 3806 1096 3896 diu
1115 3804 1227 3881 minus
