2834 4567
319 364 585 442 Domuum
610 362 781 436 ιιτιιιι
806 301 884 437 iu.
911 366 998 438 vrn.
1081 387 1169 465 151⁴

189 528 286 629 sequi
297 530 396 604 debet
421 527 492 620 ejus
516 525 771 626 consequentias
798 525 889 600 casus
912 525 947 597 in
970 525 1147 602 declinan-

188 641 255 726 d03
267 664 306 711 ac
324 664 396 713 nou
413 638 541 726 faeere,
557 662 635 719 eum
655 635 775 708 dixerit
793 637 885 709 redu
904 635 979 708 casu
997 636 1144 729 Alcaeus,

66 767 75 810 ῡ
188 746 224 820 in
243 747 410 846 obliqueis
430 746 541 821 dicere
565 744 720 821 Alcaeoni
744 748 782 820 dc
809 747 1026 819 Alcaeonem:
1050 747 1144 842 quod

186 855 211 928 fi
230 856 403 943 institerit,
420 857 458 931 δι
481 881 554 929 uon
578 854 707 929 secutus
727 855 790 927 erit
809 855 988 951 analogias.
1013 856 1144 951 Repre-

187 964 405 1038 hendendum
432 964 676 1054 Aristarchum,
700 962 795 1062 quod
812 965 885 1037 hee
908 963 1045 1036 nomina
1067 966 1144 1038 Me·

186 1074 320 1147 licertes
339 1076 601 1150 &Philomedes
619 1074 739 1148 similia
757 1092 855 1173 neget
872 1075 955 1165 esse,
973 1075 1066 1171 quod
1080 1100 1145 1150 vo·

186 1183 310 1256 candel
331 1183 420 1266 casus
439 1183 536 1258 habet
553 1184 637 1259 alter
656 1184 851 1274 Melicerta,
870 1182 953 1255 alter
974 1185 1145 1257 Philome·

178 1294 240 1368 de.
261 1294 315 1369 Sic
334 1295 393 1394 qui
418 1295 505 1371 dieat
524 1289 618 1393 lep'us
639 1297 677 1369 δι
699 1294 815 1392 lupus,
841 1318 913 1366 non
934 1291 999 1368 esse
1018 1295 1144 1387 simile,

184 1403 282 1499 quod
296 1404 431 1478 alterius
452 1404 621 1479 uocandei
636 1403 730 1478 casus
749 1403 788 1477 sit
809 1404 908 1502 lupe,
926 1405 1074 1492 alterius,
1096 1406 1145 1480 le·
1219 1481 1221 1488 s
1310 1429 1317 1442 ·

184 1537 258 1607 pus.
272 1514 326 1588 Sic
346 1515 461 1598 socer,
474 1538 606 1602 macer,
620 1513 716 1610 quod
735 1512 771 1585 in
796 1513 933 1584 transitu
956 1512 1015 1586 siat
1033 1516 1076 1587 ab
1093 1514 1150 1603 al·-

182 1642 259 1696 teto
269 1624 480 1721 trisyllabum
493 1623 621 1709 soceri,
634 1624 677 1694 ab
689 1624 796 1694 altero
811 1622 1011 1718 bisyllabum
1027 1626 1142 1700 macri.

182 1733 243 1805 De
254 1733 322 1806 hoc
338 1732 396 1805 etsi
419 1732 514 1826 supra
530 1729 725 1826 responsum
741 1731 811 1819 est,
828 1756 904 1804 cum
915 1732 983 1803 dixi
993 1736 1034 1806 de
1049 1736 1143 1822 lana,

160 1842 259 1914 'heic
279 1865 417 1938 quoque
435 1840 582 1939 amplius
600 1838 771 1934 adjiciam,
795 1840 911 1913 fimilia
935 1865 1007 1912 non
1033 1842 1143 1916 solum

181 1951 312 2026 afacie
334 1952 420 2040 dici,
441 1950 496 2024 sed
521 1952 621 2026 etiam
645 1955 687 2026 ab
708 1952 819 2049 aliqua
843 1948 1020 2045 conjunda
1045 1952 1081 2024 vi
1105 1957 1144 2028 δι

182 2059 365 2156 potestate,
389 2085 465 2158 quae
486 2062 525 2134 δι
546 2061 672 2135 eculeis
692 2063 730 2133 δι
754 2060 888 2132 auribus
908 2062 1009 2133 latere
1027 2060 1144 2137 soleat.

181 2169 294 2265 itaque
312 2171 397 2265 saepe
417 2169 548 2274 gemipa
568 2170 654 2244 facie
679 2170 764 2241 mala
786 2194 944 2265 negamus
967 2170 1031 2242 esse
1054 2170 1141 2243 simi·

182 2274 248 2363 lia,
265 2275 290 2347 st
309 2277 426 2372 sapore
444 2279 518 2350 sunt
532 2277 679 2350 alio.'Sic
694 2301 802 2372 equos
818 2279 933 2350 eadem
950 2277 1033 2351 facie
1047 2304 1155 2366 non-y

182 2384 298 2457 nullos
321 2410 477 2482 negamus
503 2386 568 2459 effe
593 2386 726 2458 fimileis
749 2385 785 2455 in
811 2384 964 2458 nationes
990 2411 1032 2457 ex
1058 2411 1140 2480 pro·

181 2511 317 2566 creante
338 2494 526 2571 dissimileis.
549 2500 662 2592 ltaque
681 2498 718 2572 in
735 2497 930 2570 hominibus
951 2497 1142 2587 emendeis,

181 2603 207 2676 st
231 2604 369 2678 natione
393 2607 476 2680 alter
496 2607 543 2680 est
567 2608 708 2692 melior,
732 2605 874 2679 emimus
902 2606 1017 2702 pluris.
1041 2625 1140 2703 atque

180 2711 217 2784 in
237 2712 346 2786 heiste
365 2713 520 2788 omnibus
537 2714 769 2800 similitudines
789 2739 860 2787 nun
881 2714 1038 2788 sumimus
1061 2736 1139 2788 tau·

181 2840 252 2894 tum
268 2848 288 2896 a
304 2820 409 2920 sigum
419 2875 433 2910 ,
446 2823 499 2896 sed
516 2824 615 2897 etiam
634 2824 766 2898 aliunde
777 2877 787 2907 ‚
798 2845 834 2898 ut
851 2825 887 2897 in
903 2826 1017 2924 equeis
1038 2847 1139 2917 aetas,

181 2952 219 3005 ur
233 2932 267 3002 in
286 2934 357 3007 heis
375 2933 563 3029 cujusmodi
582 2934 705 3009 saciant
726 2937 852 3032 pullos:
872 2957 909 3010 ιιι
930 2938 965 3009 in
987 2939 1144 3033 pomeis,

183 3063 254 3139 quo
265 3040 328 3115 fint
340 3043 452 3120 succo.
470 3046 608 3143 digitur
619 3046 707 3120 idem
720 3047 867 3146 sequitur
878 3048 912 3120 in
923 3048 1139 3122 similitudine

178 3151 367 3223 uerborum
377 3154 470 3250 quis,
482 3156 778 3251 reprehendendus
793 3180 864 3230 non
879 3155 937 3229 est.
951 3181 1054 3253 quare
1069 3156 1140 3229 dis·

178 3257 429 3333 fimilitudiuum
457 3263 749 3337 discernendarum
772 3265 867 3338 causa
893 3289 1138 3368 nonnunquam

179 3385 218 3440 ιιι
239 3391 432 3464 pronomen
454 3371 649 3459 adsumitur,
670 3371 715 3444 sic
736 3370 846 3444 casum
871 3369 1014 3468 aliquem
1041 3371 1138 3444 adsu-

178 3476 244 3565 mi,
268 3496 306 3550 ιιι
328 3478 363 3550 in
378 3478 458 3574 ¹heis
482 3505 617 3567 nemus,
637 3480 752 3576 lepus,
773 3480 828 3553 hic
851 3478 964 3576 lepus,
982 3481 1050 3556 hoc
1077 3507 1138 3556 ne·

179 3610 262 3658 mus·
278 3590 391 3686 ltaque
406 3588 584 3680 differunt,
596 3614 637 3663 ac
650 3590 808 3663 dicuntur
823 3589 878 3662 hei
896 3590 1028 3688 lepores
1039 3592 1137 3682 ,haec
1183 3669 1186 3676 ,

161 3695 399 3784 ,nemorum
425 3695 515 3769 aliud
532 3697 557 3769 fi
575 3695 657 3795 quid
681 3698 865 3771 adsumtum
892 3701 955 3774 erit
978 3695 1136 3774 extrinse-

179 3827 255 3894 cus,
266 3828 336 3903 quo
346 3803 528 3883 similitudo
540 3806 673 3907 penitus
685 3806 826 3909 perspici
838 3809 950 3990 ppffit.
962 3833 1032 3881 non
1045 3805 1136 3882 enim

250 3961 254 3970 ’
907 3945 931 4010 4

1189 3299 1205 3360 l
