2834 4567
156 361 161 372 ·
286 337 352 408 162
413 319 418 325 “
477 334 525 404 n.
551 283 767 403 thannin
792 331 1025 405 vinnonis

282 508 387 578 tunt,
404 513 512 588 neque
536 488 672 589 adsequi
698 508 895 587 potuerunt.
922 491 1034 590 itaque
1058 491 1155 568 ineo
1177 495 1239 579 dis2
1360 489 1365 498 ’

282 598 413 689 sensio,
435 622 544 698 neque
564 624 603 671 ea
624 599 836 691 uniusmodi,
857 624 1003 698 apparet.
1023 628 1100 677 nain
1120 605 1178 679 alii
1197 607 1239 678 de

283 708 444 784 omnibus
464 706 647 804 universeis
660 709 904 784 discriminibus
921 711 1240 808 posueruntiiume·

282 842 380 890 euin:
406 834 443 888 ut
462 815 654 916 Dionysius
676 817 854 908 Sidonius,
869 818 927 919 qui
951 818 1077 916 scripsit
1100 845 1155 895 eas
1174 822 1240 895 esse

280 926 489 1024 septuaginta
509 952 634 1000 unam:
655 926 737 1017 alii,
760 949 869 1024 partes
896 926 993 1023 ejus,
1011 956 1088 1029 quae
1115 917 1238 1006 habent

280 1035 374 1110 casus
392 1061 402 1107 t
426 1031 520 1124 cujus
540 1035 655 1109 eadem
680 1033 736 1110 hic
758 1061 834 1108 cuni
857 1038 947 1112 dicat
968 1039 1032 1111 esse
1052 1039 1238 1114 discrimina

280 1144 499 1246 quadraginta
526 1143 671 1243 septem,
694 1145 890 1220 Aristoteles
914 1146 1027 1218 retulit
1058 1149 1093 1221 in
1127 1150 1238 1223 literas

279 1255 579 1353 quattuordecim,
609 1252 783 1329 Neslocles
807 1255 1025 1350 Parmenisius
1058 1257 1094 1329 in
1124 1258 1237 1331 literas

278 1363 383 1437 osio:
401 1361 446 1435 iic
465 1359 522 1433 alii
546 1361 703 1457 pauciora
724 1381 780 1434 aut
800 1363 907 1459 plura.
923 1388 1064 1460 quarum
1085 1363 1238 1440 fimilitu·

278 1469 396 1545 dinum
409 1469 432 1542 si
444 1468 523 1541 eslct
540 1468 740 1568 origoresle
754 1489 867 1568 capta,
883 1471 1011 1546 &inde
1028 1471 1104 1546 orsa
1121 1473 1234 1565 ratio,

278 1577 390 1653 miritis
407 1597 537 1652 erraret
566 1578 601 1652 in
621 1579 909 1655 declinationibus
935 1582 1128 1656 verborum.
1151 1609 1236 1682 qua·
1363 1613 1368 1622 ’

278 1712 354 1761 runi
373 1712 438 1788 ego
460 1688 626 1787 principia
638 1691 745 1786 prima
763 1692 907 1765 duorum
921 1716 1079 1789 generum
1099 1691 1170 1765 sola
1183 1718 1237 1765 ar·
1286 1777 1292 1784 ‚

109 1757 116 1776 ι
148 1854 156 1868 .
277 1796 388 1871 bitror
407 1796 492 1886 elle,
509 1797 552 1870 ad
573 1823 650 1895 quae
667 1797 899 1871 similitudines
913 1798 1003 1896 exigi
1026 1817 1236 1895 oporteatre

278 1903 375 2002 queis
394 1928 502 1976 unuin
526 1905 669 2000 possum
692 1904 727 1974 in
752 1904 937 1976 verborum
965 1905 1126 1991 materia,
1151 1908 1236 1979 alte·

278 2041 354 2088 rum
370 2033 408 2089 ut
424 2015 459 2086 in
482 2013 628 2087 materiae
648 2011 774 2109 ligura,
788 2037 864 2110 qute
883 2038 927 2086 ex
945 2014 1168 2089 declinatione
1183 2017 1235 2092 sit.

279 2130 367 2201 Nam
386 2121 484 2198 debet
502 2123 566 2197 esse
579 2147 684 2197 ununi
696 2176 707 2210 ,
718 2141 756 2193 ut
771 2122 913 2208 verbum
933 2123 1060 2211 verbo,
1073 2127 1162 2198 unde
1179 2128 1236 2199 de·

278 2236 441 2321 clinetur,
461 2231 500 2305 sit
517 2230 638 2304 simile:
652 2229 814 2319 alterum,
828 2248 865 2304 ut
882 2255 901 2305 e
915 2232 1024 2303 verbo
1041 2230 1077 2304 in
1091 2234 1235 2309 verbum

278 2342 477 2432 declinatio,
492 2342 534 2414 ad
552 2365 654 2440 quani
676 2338 891 2429 conferatur,
911 2339 1055 2437 ejusdem
1076 2345 1233 2420 modist.

138 2501 142 2508 ·
278 2456 356 2528 alias
374 2452 465 2526 enini
484 2476 503 2524 a
521 2449 680 2523 similibus
695 2449 823 2523 rerbeis
836 2449 984 2522 smiliter
1002 2451 1234 2545 declinantur,

277 2583 317 2638 ut
328 2564 369 2636 ab
387 2564 507 2651 herus,
521 2559 626 2646 settis,
640 2559 745 2645 hero,
764 2557 855 2631 sero:
869 2557 948 2630 alias
964 2558 1161 2634 dissimiliter
1173 2563 1234 2636 lie·

276 2696 335 2745 rus
344 2726 356 2759 ,
376 2669 485 2755 ferus,
498 2664 591 2755 heti,
605 2664 725 2742 seium.
738 2666 827 2736 Cum
843 2683 1020 2767 utrumque
1040 2669 1077 2742 δι
1090 2670 1232 2746 verbum

276 2781 388 2851 verbo
407 2774 470 2848 erit
494 2773 620 2861 simile,
642 2774 680 2846 δι
703 2772 885 2846 declinatio
906 2773 1144 2861 declinationi;
1159 2801 1232 2855 tuni

277 2886 422 2984 denique
442 2883 551 2957 dicam
572 2882 638 2953 esse
651 2880 814 2973 fimilem',
833 2907 873 2956 ac
889 2882 1054 2979 duplicem
1068 2886 1107 2958 bt
1121 2888 1234 2981 perse·

272 3001 360 3081 flam
375 2990 624 3069 similitudinem
641 2990 780 3065 habere:
793 2992 828 3063 id
840 2992 934 3090 quod
954 2991 1097 3087 postulat
1114 2999 1233 3071 analo·

274 3106 338 3203 gia.
359 3103 423 3175 Sed
442 3124 485 3173 ne
502 3097 639 3172 allutius
654 3097 770 3190 videar
783 3095 924 3193 posuisse
941 3100 1011 3173 duo
1029 3126 1150 3198 genera
1166 3106 1231 3190 esse

143 3231 147 3234 “
271 3213 527 3289 similitudinum
546 3208 638 3295 sola,
656 3233 733 3281 cum
760 3208 932 3308 utriusque
955 3210 1134 3288 inferiores
1155 3209 1230 3310 spe·

273 3324 341 3399 cies
355 3323 417 3394 sint
438 3319 608 3417 plures;si
628 3318 669 3390 de
690 3317 761 3390 lieis
780 3319 965 3410 reticuero,
981 3341 1019 3395 ut
1032 3324 1112 3395 mibi
1130 3324 1230 3399 relin-

182 3487 186 3496 .
271 3453 374 3526 quain
393 3426 554 3514 latebras,
570 3446 717 3521 repetam
738 3425 781 3498 ab
805 3425 938 3525 origine
960 3428 1226 3525 similitudineis,

271 3561 348 3634 quac
366 3532 599 3609 conferendeis
622 3535 756 3607 verbeis
781 3537 820 3610 δι
838 3536 1059 3610 inclinandeis
1086 3537 1230 3639 sequen·

46 3737 50 3746 .
174 3709 176 3714 .
270 3651 323 3722 dae
347 3665 405 3718 aut
426 3646 574 3718 vitanda
602 3644 677 3718 sint.
704 3647 813 3722 Prima
836 3647 960 3720 divisio
986 3649 1021 3720 in
1045 3652 1229 3739 oratione,

271 3754 365 3852 quod
378 3751 443 3827 alia
462 3753 564 3829 verba
578 3735 739 3850 nusquam
751 3751 982 3845 declinantur,
994 3773 1033 3829 iit
1046 3755 1228 3848 haec‚.vix,
