2834 4567
107 337 112 348 '
226 380 274 451 η
343 379 348 394 ·
427 357 477 429 u.
503 356 721 432 ‘trusum
747 321 988 429 vartuouts

224 516 303 618 1³st
321 515 426 606 aedem
441 515 597 604 Saturni,
616 516 652 588 in
667 515 887 589 aedificiorum
900 517 1031 615 legibus
1045 515 1189 616 parietes

224 626 349 725 pssiici
367 627 457 699 muri
487 624 563 698 sunt
591 623 717 721 scripti.
746 625 954 698 Aventinum
987 626 1118 724 aliquot
1146 627 1189 699 de

224 735 351 811 causeis
368 737 497 812 dicunt.
510 735 653 809 Naevius
672 737 715 807 ab
737 738 858 809 avibus
873 789 884 825 ,
899 736 993 832 quod
1017 762 1060 810 eo
1087 736 1119 809 se
1145 737 1189 809 ab

226 845 346 922 Tiberi
368 845 498 920 ferrent
519 870 623 918 aves:
643 845 699 916 alii
723 847 766 918 ab
789 871 866 945 rege
886 847 1066 921 Aventino
1085 848 1193 920 Alba·

227 981 301 1047 no,
320 958 416 1055 quod
437 957 485 1029 ibi
509 956 548 1029 sit
569 956 738 1051 sepultus:
760 957 818 1028 alii
840 959 883 1028 ab
903 958 1050 1027 adventu
1075 956 1191 1028 stomi-¹

186 1145 191 1160 ‚
228 1094 333 1158 num,
347 1068 442 1165 quod
463 1091 645 1141 commune
664 1067 865 1139 Latinorum
888 1068 933 1140 ibi
954 1069 1081 1140 Dianae
1103 1088 1191 1141 tenr-

105 1177 113 1192 '
228 1181 324 1276 pium
342 1179 381 1250 fit
400 1178 633 1253 constitutum.
656 1181 731 1276 Ego
755 1179 901 1251 maxime
915 1199 1001 1274 puto
1021 1178 1064 1250 ab
1086 1180 1194 1250 adves

228 1289 284 1359 siu
296 1300 394 1361 :nam
411 1288 494 1360 olim
511 1289 688 1385 paludibus
702 1314 802 1361 mons
812 1308 882 1360 erat
895 1291 937 1360 ab
952 1287 1109 1384 reliqueis
1124 1286 1193 1359 dis·

181 1407 191 1427 ⁴
230 1395 351 1468 clusus.
387 1397 502 1493 Itaque
527 1419 570 1468 eo
593 1420 637 1467 ex
657 1396 740 1476 urbe
760 1396 818 1493 qui
835 1397 1094 1471 advehebantur
1111 1394 1196 1467 rati·
1263 1401 1265 1408 ⁴

190 1503 202 1528 ⁶
229 1509 315 1595 bus,
336 1506 559 1603 quadrantem
581 1504 771 1580 solvebant.
797 1505 891 1601 cujus
915 1506 1076 1604 vestigia,
1099 1504 1194 1603 quod

231 1640 291 1705 ea,
305 1639 370 1713 qua
384 1634 454 1688 tum
476 1616 569 1705 itur,
591 1616 789 1704 velabrum,
810 1620 847 1690 &
860 1618 949 1690 unde
969 1616 1193 1689 ascendebant

231 1725 277 1796 ad
297 1748 429 1798 rumam
452 1746 547 1796 nova
562 1723 619 1796 via
637 1724 734 1798 lucus
750 1724 798 1796 cst
810 1727 879 1815 ‚'&
893 1726 1047 1800 sacellum
1067 1721 1216 1814 larum‚'

231 1835 417 1909 Velabrum
449 1834 575 1910 dicitur
602 1861 621 1908 a
651 1837 825 1911 vehendo.
857 1838 1049 1910 Velaturam
1085 1835 1197 1908 facere

232 1946 334 2018 etiam
348 1967 440 2020 nunc
452 1943 633 2031 dicuntur,
647 1943 755 2040 quiid
766 1945 920 2017 mercede
933 1943 1075 2017 faciunt.
1102 1947 1199 2014 Mer-

234 2078 292 2128 ces
313 2052 470 2124 dicitura
490 2052 653 2125 merendo
674 2056 712 2125 δι
727 2075 803 2123 aere.
819 2051 909 2124 Hinc
926 2053 1072 2126 resturae
1085 2103 1095 2137 ‚
1109 2074 1199 2150 ‚quas
1308 2041 1312 2046 ⁴

144 2155 151 2168 ⁸
232 2162 416 2237 solvebant
428 2158 487 2244 hi,
503 2160 564 2257 qui
580 2160 708 2233 tatibus
721 2160 925 2246 transrbant,
939 2160 1130 2253 Quadrans.
1155 2159 1200 2233 ab

140 2357 143 2364 A
229 2294 281 2350 ¹eo
302 2267 450 2342 Lucilius
469 2267 599 2364 scripsit
611 2268 805 2365 quadrantis
823 2269 924 2342 ratiti.
938 2268 1090 2370 Reliqua
1105 2269 1201 2343 urbis

234 2381 314 2454 loca
335 2377 419 2449 olim
437 2375 597 2466 discreta,
611 2397 649 2451 ut
667 2380 856 2474 Argeorum
870 2374 1008 2452 sacraria
1023 2377 1059 2448 in
1074 2377 1199 2473 septem

236 2491 277 2564 δι
291 2486 413 2586 viginti
432 2487 555 2583 parteis
574 2486 666 2566 urbis
680 2486 755 2559 sunt
768 2486 934 2583 disposta.
949 2493 1075 2582 Argeos
1088 2485 1198 2558 dissos
1289 2573 1294 2580 ἱ
1320 2525 1325 2535 .

235 2613 389 2697 putauta
405 2593 637 2692 principibus,
656 2596 810 2693 quicum
832 2590 979 2667 Hercule
995 2593 1126 2690 Argivo
1142 2617 1204 2666 ve·
1228 2623 1239 2646 2

237 2722 364 2780 nerunt
375 2706 542 2796 Romam,
555 2706 593 2780 δι
607 2705 643 2778 in
655 2706 812 2779 Saturnia
823 2695 1059 2778 subsederunt?
1074 2728 1092 2776 e
1105 2702 1203 2801 queis

106 2893 108 2902 ,
184 2819 187 2825 ’
236 2817 348 2916 prima
364 2814 413 2888 est
426 2814 547 2911 scripta
560 2816 656 2915 regio
675 2814 876 2903 Suburana;
901 2816 1069 2904 secunda,
1083 2813 1204 2913 Esqui-

109 2917 113 2925 ’
237 2926 333 3010 lina;
347 2924 641 3013 tertia‚Collina;
660 2944 801 3023 quarta,
823 2925 984 2999 Palatina.
1000 2929 1034 2997 sn
1057 2924 1205 2997 Subura·
1317 2949 1327 2969 “

238 3036 469 3132 nae'regionis
498 3055 593 3132 parte
614 3036 773 3132 princeps
799 3036 846 3109 est
875 3037 1009 3109 Coesius
1033 3041 1158 3124 mons,
1185 3060 1205 3107 a

242 3146 365 3220 Coelio
386 3148 548 3220 Vibenno
569 3147 707 3236 Tusco,
724 3150 810 3220 duce
829 3145 954 3235 nobili,
968 3146 1028 3243 qui
1048 3172 1126 3219 cum
1147 3145 1205 3217 sua

240 3280 345 3332 manu
365 3254 488 3347 dicitur
503 3255 658 3328 Romulo
673 3255 802 3328 venisse
820 3256 949 3328 auxilio
969 3277 1088 3330 contra
1100 3254 1205 3348 Sabi·

240 3367 326 3440 num
348 3390 471 3462 regem.
492 3365 558 3453 Hi,
573 3363 649 3462 post
671 3365 778 3439 Coelii
805 3365 964 3449 obitum,
988 3366 1084 3464 quod
1108 3364 1207 3437 nimis
1233 3459 1237 3466 ι

242 3472 376 3548 munita
388 3474 465 3546 loca
479 3493 652 3564 tenerent,
672 3499 782 3573 neque
796 3476 865 3549 fine
879 3475 1066 3572 suspicione
1083 3474 1207 3564 essent,
1319 3501 1320 3504 ¹

242 3581 380 3655 dedusii
405 3582 564 3654 dicuntur
583 3583 619 3655 in
647 3584 798 3680 planum.
825 3586 880 3658 Ab
899 3586 948 3660 eis
974 3582 1080 3656 diuus
1107 3583 1206 3657 vicus

155 3709 161 3716 '
243 3692 400 3778 Tusc'us;
423 3693 461 3765 &
490 3692 642 3764 ideo-ibi
669 3692 901 3766 Vertumnum
928 3692 1033 3780 state,
1057 3692 1151 3788 quod
1177 3691 1206 3762 is

239 3801 339 3880 Deus
358 3804 512 3881 Etruriae.
533 3803 706 3904 Principes
737 3804 779 3878 de
800 3801 1009 3896 coettaneis,
1030 3801 1092 3900 qui
1112 3827 1131 3876 a
1151 3801 1207 3876 su·
