2834 4567
289 355 335 435 50
405 336 455 408 ιι
478 331 956 424 1τιιιιιιτιιιιιιιιοιιιε
977 338 1057 413 uu.
1078 341 1138 416 ιν.

144 539 148 548 ·
284 510 360 569 rant
386 491 548 587 majorem
578 517 778 585 numerum,
801 518 873 570 non
896 494 932 568 iu
951 521 1028 571 arca
1051 498 1249 594 ponebam

283 603 343 679 sed
355 602 391 677 in
405 603 518 702 aliqua
531 604 624 677 caeila
643 601 828 699 stipabant,
844 604 879 677 id
893 605 956 694 est,
970 610 1245 704 componebant,

282 738 357 812 quo
375 712 485 788 miuus
504 712 788 808 locioccuparet
802 738 821 784 a
837 712 991 808 stipando
1010 717 1138 813 Stipem
1152 719 1248 794 dice·

277 848 322 928 ,τε
334 840 526 921 coeperunt.
546 822 676 917 Stipare
692 822 735 895 ab
757 826 859 909 ςείβιιν
871 822 1023 912 sottaffe,
1040 828 1165 900 Graeco
1179 853 1247 902 vo·

282 932 419 1007 cabulo.
436 933 473 1004 ld
489 947 649 1027 apparet,
661 929 757 1026 quod
779 949 816 1001 ut
838 929 941 1017 alias,
960 949 1032 1004 turn
1055 931 1247 1010 institutum

283 1041 386 1113 etiaut
405 1064 516 1127 nunc,
529 1038 608 1112 Diis
621 1063 700 1110 cum
713 1036 893 1114 thesaureis
912 1038 993 1113 affes
1010 1041 1111 1128 daut,
1128 1042 1245 1139 stipem

283 1151 421 1226 dicunt:
435 1151 472 1224 br
487 1148 556 1244 qui
565 1147 743 1243 pecuniam
760 1147 892 1245 alligat,
908 1148 1066 1243 Stipulati
1084 1152 1121 1224 δι
1134 1152 1245 1225 Resti-

282 1255 403 1356 pulari
425 1255 551 1330 Milites
569 1253 777 1349 stipendiarii
797 1254 877 1327 ideo
888 1257 1006 1352 ,quod
1029 1281 1103 1330 eam
1127 1259 1245 1354 stipem

281 1364 484 1461 pendebant.
513 1364 565 1435 Ab
587 1387 630 1435 eo
650 1363 778 1435 Ennius
804 1362 942 1453 scribit,
964 1365 1062 1438 Poeni
1082 1367 1243 1463 stipendia

281 1473 446 1571 pendunt.
462 1461 514 1543 Ab
528 1472 649 1548 eodem
661 1498 728 1545 ere
742 1472 992 1569 impendendo,
1002 1475 1244 1571 Dispensator‚

196 1621 213 1648 κ
283 1582 350 1674 ὁ(
341 1608 375 1654 ιιι
391 1580 531 1653 tabuleis
549 1579 727 1654 scribimus
747 1582 962 1678 Expensum,
983 1585 1021 1658 δι
1036 1583 1116 1657 inde
1136 1584 1243 1681 prima

135 1689 140 1698 ’
280 1691 425 1780 Petilio,
445 1694 484 1776 δι
505 1692 549 1764 fic
573 1713 631 1765 aut
652 1692 816 1783 secunda,
830 1713 887 1768 aut
904 1719 981 1791 quae
1006 1693 1079 1768 alia.
1100 1696 1142 1768 Et
1160 1693 1243 1767 Dis·

212 1887 217 1900 Ι
281 1802 470 1898 pendium,
492 1801 572 1876 ideo
594 1804 689 1900 quod
709 1805 747 1876 in
767 1804 997 1902 disperdendo
1020 1805 1108 1879 solet
1131 1806 1243 1880 minus

280 1909 378 1984 fierit
400 1911 653 2008 Compendium
664 1915 785 2010 ,quod
808 1937 886 1986 cum
904 1917 1163 2010 compenditur,
1176 1941 1243 1989 una

281 2020 333 2122 tit.
354 2027 385 2091 Α
407 2046 479 2116 quo
500 2022 619 2111 usura,
634 2022 731 2118 quod
751 2020 788 2092 in
809 2023 932 2093 sortem
952 2022 1154 2111 accedebat,
1174 2027 1242 2096 Irn-

281 2129 445 2227 pendium
467 2125 690 2224 appellatum:
716 2152 791 2224 quae
812 2153 892 2202 curu
912 2130 1085 2203 accederet
1103 2130 1145 2203 ad
1168 2131 1242 2205 sor·

281 2258 372 2328 rem,
389 2262 432 2309 ex
453 2237 514 2312 usu
534 2236 643 2312 Usura
664 2236 750 2309 dicia
765 2285 777 2322 ,
793 2254 832 2310 ut
856 2239 958 2328 Sors,
975 2238 1071 2336 quod
1085 2233 1179 2312 suum
1202 2238 1241 2315 fit

282 2346 382 2420 sorte.
404 2345 466 2416 Per
488 2341 647 2417 trutinam
661 2343 751 2417 solvi
777 2344 910 2418 solitum
918 2345 1241 2443 ,vestigiumeriam

280 2479 375 2530 nunc
399 2472 510 2528 manet
533 2453 570 2527 in
589 2453 660 2528 aede
675 2455 810 2528 Saturni
821 2455 942 2553 ,quod
962 2482 1002 2530 ea
1024 2457 1124 2529 etiam
1149 2481 1240 2531 nuuc

198 2571 201 2584 '
281 2587 426 2664 propter
456 2563 652 2660 pensuram,
679 2565 855 2638 Trutinam
880 2566 980 2638 habet
1005 2565 1157 2662 potitam.
1183 2567 1241 2640 Ab

283 2700 349 2750 aere
370 2674 536 2749 AErarium
554 2674 769 2771 appellatum.

330 2784 384 2858 ad
397 2783 563 2857 vocabula
576 2808 682 2878 ‚quae
694 2781 862 2880 pertinere
883 2781 994 2856 sumus
1012 2780 1097 2873 rati,
1110 2807 1240 2880 eaquae

266 2894 321 2967 .&
345 2892 443 2980 loca,
460 2893 499 2965 δι
524 2915 562 2962 ea
590 2915 666 2988 quae
689 2890 725 2964 iu
752 2891 857 2965 loceit
882 2890 976 2980 sunt,
995 2890 1070 2964 satis
1093 2892 1240 2967 arbitror

280 3002 388 3078 diua:
396 3000 490 3098 quod
504 3023 612 3094 neque
625 3024 741 3094 parum
756 3001 862 3073 multa
873 2998 949 3072 sunt
959 3019 1091 3096 aperta
1106 3025 1239 3100 neque,

280 3111 307 3185 fi
334 3112 476 3207 amplius
500 3111 669 3197 velimus,
693 3109 860 3181 volumen
884 3111 1037 3206 patietur.
1059 3112 1211 3205 Quare
1200 3138 1239 3184 ιιι

279 3224 441 3324 proximo
468 3222 533 3323 (ut
553 3221 588 3295 in
611 3223 724 3317 primo
743 3221 834 3294 libro
852 3218 951 3319 dixi)
971 3222 1066 3322 quod
1089 3221 1237 3320 sequitur

136 3323 140 3336 ’
279 3332 321 3405 de
341 3335 551 3429 temporibus
575 3332 696 3407 dicam.
