2834 4567
307 378 376 479 308
415 430 418 443 1
507 377 557 451 m
579 373 796 449 Taurum
822 376 1062 450 vsuuoms

355 541 397 611 Se
420 534 651 634 circumspexe
677 558 780 633 atque
805 530 994 625 invenisse,
1013 561 1091 611 cum
1119 536 1268 612 dormire

306 649 485 746 coepisset,
512 670 585 726 tam
602 646 716 744 glaber
739 670 838 742 quam
862 646 1016 720 Socrates
1044 647 1180 720 calvum
1205 646 1270 721 esse

306 761 431 836 fusium
457 758 596 834 ericium
620 755 806 854 pilisalbis
833 781 912 832 cum
940 758 1155 858 proboscide.
1179 764 1271 836 Nou.

306 870 472 963 Proboscis
488 866 520 942 δ’
535 870 689 941 Eritium.

431 1010 467 1023 -
512 1009 548 1027 ·-
589 994 628 1049 ut
649 992 763 1047 mtens

309 1082 460 1162 Paeonis
483 1084 614 1173 collus,
628 1082 714 1158 nihil
735 1079 942 1159 extrinsecus
962 1083 1117 1162 humens.
1236 1162 1239 1173 ,

306 1202 397 1270 Non.
421 1200 547 1286 colun,
564 1197 662 1289 masc.
680 1221 751 1289 gen.

358 1305 413 1377 sic
431 1303 524 1380 canis
549 1299 625 1377 site
647 1300 799 1393 catello,
820 1297 866 1376 sic
889 1299 1041 1377 etritico
1060 1258 1161 1399 spica.
1184 1304 1275 1376 Non.
1397 1378 1402 1407 1

308 1418 418 1511 Spica.

359 1526 508 1597 Romam
530 1521 693 1620 regressus
717 1521 765 1596 ibi
791 1520 880 1594 nihil
902 1520 1056 1612 offendi,
1075 1522 1172 1620 quod
1197 1546 1277 1598 ante

309 1657 421 1710 annos
441 1630 708 1732 quinquaginta,
724 1658 801 1707 cum
817 1632 963 1729 primum
983 1632 1135 1707 dormire
1154 1632 1276 1730 coepi,
1400 1646 1402 1671 ¹

311 1742 445 1844 reliqui.
466 1747 559 1817 Non.
582 1742 768 1844 offendere,
787 1749 934 1818 invenire.

361 1860 400 1931 ln
414 1881 557 1954 quarum
577 1855 694 1929 locum
715 1856 887 1928 subierunt
901 1852 1079 1952 inquiliuae
1101 1853 1278 1952 impietas,
1400 1856 1402 1933 ἶ

313 1968 473 2072 perfidia,
494 1966 725 2065 impudicitia,
741 1964 962 2063 impudentia.
977 1969 1129 2056 Nonius,
1143 1971 1280 2059 Sabin,
1338 1994 1342 2003 ·

307 2083 479 2178 succcedcre.
1321 2083 1324 2089 ’

365 2189 420 2260 Αη
434 2186 459 2256 si
472 2208 592 2280 equam
607 2182 735 2258 emisses
753 2184 1027 2285 quadrupedem,
1040 2202 1079 2259 ut
1095 2207 1174 2258 meo
1184 2184 1281 2260 asino

188 2296 190 2303 ’
237 2298 244 2309 ”
315 2294 462 2371 Reatino
486 2292 678 2367 admitteres
686 2313 882 2392 ,quantum
899 2294 1122 2393 poposcissem
1143 2296 1283 2372 dedisses

295 2401 514 2503 *aquimenti
530 2401 544 2474 d
563 2407 649 2476 Non.
664 2409 925 2498 AEqur‘mctrtum‚
940 2433 1006 2476 trun
1019 2410 1281 2500 AEquurrrcmurrr·

367 2511 498 2586 Avidus
511 2508 612 2602 judex
627 2533 722 2582 reum
738 2510 879 2585 ducebat
891 2508 956 2584 esse
972 2518 1066 2582 κοινὸν
1081 2512 1150 2584 hoc
1164 2512 1286 2588 modu.
1323 2558 1329 2575 ·

320 2629 399 2699 Non
423 2626 569 2709 Ducere,
582 2626 619 2693 id
634 2624 693 2724 est,
707 2621 892 2713 exstimare.

369 2731 478 2824 Quod
490 2726 578 2827 leges
593 2727 710 2822 jubent
729 2727 967 2819 uersutiam,
984 2732 1032 2801 aar
1047 2753 1097 2796 και
1092 2730 1195 2816 λάβε
1215 2730 1285 2805 fer·

320 2841 375 2920 vdt
394 2840 550 2914 omnino.
575 2843 664 2911 Non.
688 2843 814 2928 Fervit,
832 2870 891 2934 pro
904 2830 1017 2930 fervet.

368 2955 529 3039 Sumtum
544 2949 682 3025 comitia
704 2951 895 3041 habebant,
907 2948 969 3025 ubi
988 2971 1080 3022 nunc
1098 2943 1137 3022 fit
1154 2974 1286 3027 merca·

318 3083 388 3141 sus.
410 3069 497 3135 Non.
521 3066 693 3134 Mercarus.

370 3174 472 3245 Tunc
495 3169 623 3270 nuptiae
652 3165 815 3243 videbant
840 3164 965 3301 osireas
989 3165 1162 3244 Lucrinas.
1194 3173 1286 3243 Non.

323 3286 444 3387 Ostrea.

373 3386 482 3462 Acciti
502 3385 612 3461 sumus
629 3404 668 3460 ut
689 3387 972 3484 depuntaremur,
994 3408 1149 3460 murmur
1171 3352 1212 3459 sit
1226 3408 1289 3462 ve·

323 3522 393 3575 ma.
417 3500 507 3569 Non.
527 3500 693 3589 Murmur,
711 3500 809 3594 masc.
828 3525 898 3594 gen.

373 3603 441 3677 Vix
453 3602 598 3676 ecsadus
610 3625 701 3697 erat,
717 3632 795 3680 cum
809 3630 906 3679 more
923 3600 1091 3698 majorum
1106 3601 1199 3678 ultro
1216 3625 1290 3675 car·

328 3715 421 3789 males
450 3710 641 3807 arripiunt,
665 3716 708 3790 de
734 3735 843 3813 ponte
862 3712 899 3789 in
921 3712 1074 3789 Tiberim
1097 3710 1289 3787 deturbant.

326 3832 414 3906 Non.
436 3828 595 3905 Gamales.
