2834 4567
286 373 359 445 DE
380 376 427 444 M.
452 372 698 445 TERENTIO
724 370 965 444 VARRONE.
1013 359 1128 441 xxvii
1335 367 1339 374 '

229 527 376 605 'Viatores
386 561 450 604 non
464 537 597 621 uadunt,
611 556 648 602 ue
659 527 750 602 eune:
773 559 802 600 ee
815 534 883 601 uiea
895 529 1021 624 nonsui
1035 525 1130 621 causo

170 641 301 732 fie,sed
312 667 347 713 ue
359 644 397 712 in
408 668 444 711 ea
451 647 629 734 praclarum
643 641 768 733 aliquid
771 639 844 729 fiae.

232 749 533 842 Conurnnendisunr
547 751 769 818 ineruditorum
787 769 969 816 contemtus.

231 861 259 928 S
261 861 272 924 ι’
286 862 336 927 uis
347 858 547 949 adsummunr
557 859 721 951 progredi,
737 858 777 925 ab
791 858 899 949 infimo
911 856 1020 926 ordire.

231 966 332 1034 Multi
342 969 461 1036 laudun
480 967 650 1053 arnieeune,
669 992 764 1058 quarn
786 965 848 1065 ipfi
861 964 944 1056 dese
962 964 1082 1034 dicunt.

230 1072 408 1146 Suetonius
433 1075 475 1145 de
496 1072 675 1145 illustribus
698 1070 934 1145 Grammaticis
958 1093 988 1142 c.
1023 1092 1064 1160 23
1090 1063 1132 1137 de
1244 1057 1250 1064 ’

179 1175 359 1252 Rhemmio
374 1181 578 1253 Palaemone:
592 1182 863 1277 Arrogantiafuit
873 1204 982 1268 tanea,
995 1203 1029 1250 ue
1043 1180 1131 1247 Mur·-

179 1316 249 1359 eurn
262 1296 431 1363 Varronem
436 1320 565 1385 porcum
580 1298 755 1385 appellarer.
766 1290 890 1387 Caspar
902 1289 1048 1372 Barlaeus
1060 1283 1133 1380 epi·¹

179 1399 265 1470 stola
284 1403 324 1474 ad
343 1403 553 1476 loachimum
573 1387 821 1476 Vicofortium:
846 1407 995 1473 Palemon
1015 1399 1131 1469 Gran·

180 1516 311 1583 moirien
320 1512 390 1601 jore
399 1515 549 1607 feririque
562 1518 708 1608 appelloit
722 1518 748 1583 le
760 1515 841 1583 doiie
861 1515 893 1579 V
891 1538 983 1581 urron
997 1516 1024 1577 le
1036 1519 1133 1597 pour·

179 1645 256 1693 eeau
275 1625 310 1690 de
335 1626 455 1708 lettres,
471 1649 562 1715 poree
586 1621 664 1715 qu’il
685 1621 844 1717 rnoeaffoir
866 1625 903 1691 de
928 1643 1025 1692 eouees
1040 1637 1132 1709 pares

178 1733 340 1822 beaucoup
360 1735 413 1801 des
426 1731 617 1822 ckofissans
632 1733 727 1799 choix
739 1728 771 1799 δ’
780 1733 862 1822 sans
870 1732 1037 1823 jugement.
1053 1726 1133 1795 Du·

177 1835 335 1922 bito,an
357 1836 431 1908 haec
449 1827 549 1907 fuerit
573 1833 745 1907 Rhemmii
765 1833 934 1907 sententie
957 1826 1134 1904 Necenim
1161 1833 1163 1842 '

180 1945 371 2047 porrorum
384 1944 431 2021 est
441 1944 622 2043 colligere,
632 1944 687 2018 sed
701 1944 815 2018 rimari
826 1969 867 2019 ac
880 1962 1006 2017 tentare
1013 1936 1135 2013 rostro.

525 2106 602 2175 Alii
625 2109 790 2174 Vettones.

255 2241 538 2335 Argonuueieomrn
564 2236 643 2311 libri
663 2241 711 2310 lV
738 2238 830 2311 fuere
856 2233 991 2309 alterius
1013 2231 1135 2306 eodem

184 2363 336 2442 tempore
350 2346 488 2420 celebris
499 2351 541 2421 P.
556 2350 690 2420 Terentii
706 2351 857 2420 Varronis
866 2397 878 2430 ,
888 2371 907 2418 a
919 2344 1041 2440 patria,
1052 2341 1137 2417 Gels

183 2457 242 2529 liae
256 2449 478 2531 Narbonensrs
499 2454 970 2543 ricoArace,di&iArerini,
987 2468 997 2503 ¹
1015 2471 1053 2524 ut
1072 2454 1136 2526 ob·
1242 2499 1245 2506 -
1344 2512 1347 2522 .

183 2563 348 2638 servarum
362 2582 482 2659 praeter
494 2561 580 2636 ulios
593 2563 767 2661 Gyraldo‚
779 2561 916 2658 dialogo
928 2563 977 2633 lv
990 2559 1031 2632 de
1053 2583 1138 2655 poe·
1160 2619 1169 2634 ,

185 2671 228 2746 tis
254 2697 325 2770 pag.
351 2696 434 2760 202,
458 2673 496 2746 &
519 2669 638 2744 Voffio
661 2668 720 2743 lib.
746 2672 762 2743 l
785 2669 827 2741 de
849 2668 930 2740 Hill.
951 2667 1076 2741 Latinis
1104 2693 1137 2743 c.
1279 2747 1287 2768 x
1316 2717 1326 2730 s-

187 2785 243 2858 16.
260 2782 349 2854 ldem
368 2779 531 2855 Atacinus
549 2785 662 2853 bellurn
677 2782 881 2875 Sequanieurn
897 2777 1047 2852 camnine
1064 2778 1138 2850 He·

183 2893 283 2966 roico
308 2889 520 2984 descripserat
539 2889 670 2986 aliquot
690 2888 804 2980 libris,
822 2914 968 2986 quorum
979 2889 1137 2983 secundus
1228 2915 1231 2922 ¹

184 3003 343 3099 allegatur
369 3001 580 3077 aPrisciano
602 3001 662 3077 lib.
684 3003 740 3091 X,
755 3029 788 3099 p.
811 3003 892 3098 877.
914 3000 981 3075 Alii
1004 3004 1137 3073 Varro·

185 3134 247 3189 nes
276 3110 478 3214 complures.
497 3110 676 3185 videantur
701 3110 789 3207 apud
812 3104 1066 3204 ¹Glandorrlium
1100 3107 1137 3179 in

166 3218 340 3317 ,gentibus
361 3219 466 3308 AElia,
486 3205 676 3318 Cir‘rgonia,
701 3219 851 3310 Rubria,
872 3216 1048 3308 Terentia,
1071 3214 1137 3292 Vis

182 3327 275 3408 bidia
298 3329 336 3401 &
352 3326 493 3403 Visellio.
990 3319 992 3324 ’
1126 3359 1132 3372 =

239 3506 263 3549 r.
297 3489 454 3552 Varronem
486 3493 638 3556 Atacinum
686 3494 731 3560 bit
755 3495 964 3577 Hieronymus,
986 3499 1014 3561 ἃ
1039 3517 1077 3563 ex
1099 3517 1135 3560 eo
1281 3555 1285 3560 ,
1368 3529 1374 3534 -

130 3588 136 3600 ’
184 3583 318 3647 egentem
348 3591 458 3634 annum
484 3595 520 3656 35
549 3576 639 3637 aetutie
686 3574 806 3657 Prosper
823 3581 853 3642 in
869 3579 1022 3645 Chronico.

185 3651 298 3718 Graecae
312 3650 406 3718 literae
417 3653 564 3732 didicisse,
574 3655 639 3726 scri,-

543 3849 786 3897 ψη
