2834 4567
334 355 398 430 ue
424 353 601 429 nunni
626 295 906 465 urrunnu
930 358 990 433 vr.
1103 364 1156 460 99‘
1219 433 1223 441 ,

189 482 370 596 Ateiia'neis
381 519 562 593 obsonium
582 538 713 593 vocent
729 521 947 595 Manducurn.
964 522 1063 618 Apud
1079 525 1154 598 Ma·-

188 628 294 720 tium,
323 628 485 703 Obscaeni
510 633 704 726 interpret,
727 628 916 727 funestique
942 632 1068 707 ominis
1092 661 1155 706 au-

188 739 270 812 etot.
290 738 497 812 Obscaenum
515 739 642 812 dietum
665 740 708 812 ab
731 739 849 812 scaeua.
870 765 909 813 ea
923 760 962 813 ut
976 743 1101 816 Graeci.
1116 749 1154 817 ut
1203 773 1205 778 ·
1267 819 1271 828 ,

187 848 306 924 Aetius
326 846 465 937 scribit,
486 846 595 922 scena.
617 845 654 919 in
685 845 838 944 pluribus
864 847 999 921 verbeis
1022 852 1053 923 A
1077 869 1156 925 ante

187 961 217 1030 E
239 956 297 1030 alii
322 977 482 1054 ponunt,
505 956 566 1034 atii,
589 979 673 1028 non.
699 975 740 1027 ut
769 955 865 1053 quod
893 958 1012 1053 partim
1040 959 1159 1037 dicunt

187 1067 375 1161 Scaeptrurn
389 1117 399 1152 ‚
415 1064 535 1161 partim
552 1062 671 1137 dicunt
693 1063 898 1157 Sceptrum3
923 1064 980 1137 aiii
1005 1068 1124 1140 Faenus
1144 1121 1158 1159 ‚

189 1174 248 1248 alii
273 1178 400 1247 Fenus:
421 1173 466 1246 fic
491 1171 681 1261 Faenisrcia,
696 1171 735 1246 &
760 1171 929 1247 fenisrcia.
957 1198 1071 1272 aquo
1098 1204 1160 1254 ru-.

189 1281 262 1356 ttici
288 1307 436 1379 pappum
462 1281 625 1373 Maium,
647 1306 719 1352 non
739 1280 926 1354 mesum
953 1308 1025 1382 quo
1052 1286 1160 1358 Luci«-
1254 1284 1258 1292 ’

188 1391 256 1466 lius
275 1391 412 1480 scribit,
433 1386 593 1476 Caecilius
608 1415 651 1464 ne
667 1389 808 1464 rusticus
824 1389 892 1464 fiat.
906 1389 1023 1485 'Quare
1037 1414 1160 1492 turpe,

189 1497 226 1572 id
243 1500 460 1586 obscaenum3
478 1501 572 1595 quod
594 1498 656 1573 niti
679 1498 849 1573 in‘scaena
866 1499 973 1597 palam
994 1503 1071 1576 dici
1086 1503 1161 1577 noir

191 1611 301 1686 deber.
321 1611 436 1682 Potest
460 1611 518 1682 vel
539 1610 582 1680 ab
612 1632 681 1696 eo,
704 1609 800 1704 quod
829 1613 962 1704 puereis
991 1614 1162 1710 turpicula

193 1744 247 1793 res
273 1720 311 1790 in
330 1719 426 1792 collo
447 1716 603 1815 quaedam
626 1709 856 1811 suspenditur,
879 1721 1024 1816 nequid
1051 1723 1160 1814 obfit,

193 1834 298 1905 bonae
326 1831 445 1902 scaevae
470 1827 587 1901 creusa.⁴
605 1825 685 1898 inde
709 1826 863 1900 Scaevola
890 1829 1089 1924 appellatus.
1115 1835 1163 1908 Ea

163 1979 166 1984 >
194 1943 281 2017 diua
301 1941 344 2013 ab
366 1938 496 2027 scaeva,
514 1938 549 2010 id
570 1937 638 2027 est,
656 1935 807 2010 sinistra:
824 1940 919 2035 quod
938 1965 1015 2038 quae
1036 1941 1164 2019 finissra

195 2056 297 2141 sunt,
325 2052 416 2123 bona
435 2047 583 2145 auspicia
603 2047 848 2121 existimantur.
868 2056 899 2121 A
917 2074 989 2148 quo
1003 2048 1165 2126 dicuntur
1295 2138 1301 2152 .

196 2161 361 2249 comitia,
381 2157 518 2232 aliudve
544 2157 628 2257 quid
653 2158 715 2248 fit,
735 2156 803 2231 dici
828 2179 893 2236 aue
920 2160 1065 2250 sinistra,
1086 2190 1164 2262 quae

197 2296 290 2345 nunc
302 2269 359 2341 est.
379 2269 450 2341 ida
471 2270 598 2340 Graeco
616 2265 682 2353 est,
694 2264 790 2361 quod
803 2265 836 2337 hi
852 2266 1013 2339 finistram
1036 2292 1165 2345 vocant

198 2385 316 2453 σκαιάν,
331 2402 435 2475 quare
450 2379 546 2476 quod
562 2375 633 2448 dixi
650 2374 963 2463 seaerum,bonurn
980 2371 1082 2451 onren
1099 2381 1164 2458 est:

198 2489 393 2563 obscaenunr
412 2511 519 2578 vero,
535 2509 645 2582 turpe.
665 2486 761 2582 quod
786 2486 865 2557 inde
888 2487 1013 2559 dicitur
1034 2491 1167 2563 obscae·

198 2622 264 2688 ne,
286 2599 383 2696 quod
404 2598 626 2672 exotericum.
653 2596 755 2686 Apud
781 2595 961 2687 Plautum,
979 2598 1073 2691 Quia
1101 2623 1168 2699 ego

202 2709 342 2782 antehac
366 2727 398 2780 te
418 2706 551 2795 amavi,
565 2708 604 2780 &
627 2703 867 2777 mihinmicam
885 2704 949 2777 effe
975 2706 1083 2780 crevi.
1107 2733 1170 2781 va·

199 2818 268 2908 iet,
291 2817 463 2891 constitui.
486 2820 604 2912 itaque
624 2816 745 2903 heres,
766 2835 843 2886 cunr
865 2813 1042 2887 constituit
1057 2817 1089 2889 se
1110 2819 1169 2891 he·

107 2923 110 2928 ⁴
203 2933 313 3003 redern
336 2931 424 3019 effe,
441 2928 568 3002 dicitur
588 2930 761 3013 Cernere,
775 2928 813 2998 &
828 2951 903 2997 cum
927 2925 961 2997 id
981 2923 1170 3013 fecit,cre·

204 3038 298 3109 vite.
311 3040 412 3134 Apud
433 3038 598 3124 eundem,
610 3038 695 3129 Quo
711 3036 752 3107 de
764 3034 838 3107 sinu
856 3034 1069 3133 frequentem
1085 3045 1173 3131 ope·

203 3173 276 3220 ram
296 3148 438 3223 dedistis.
454 3148 546 3221 valet
561 3147 737 3221 adfiduam.
757 3151 870 3243 iraque
891 3145 950 3243 qui
966 3144 1075 3234 adest,
1090 3146 1173 3219 adii·

204 3259 313 3334 duus:
335 3257 423 3331 ferre
449 3281 550 3356 quent
573 3284 648 3356 quae
673 3277 838 3354 oportet,
860 3256 886 3327 is
909 3254 1076 3350 frequens.
1105 3281 1128 3328 ο
1154 3297 1176 3316 -

135 3453 141 3465 .
204 3371 290 3467 poni
306 3370 392 3442 solet
409 3370 535 3467 itaque..
547 3370 745 3466 Illud'quod
756 3369 883 3441 eaedem
894 3363 1104 3442 ‘muliercule
1123 3285 1176 3442 ‹ii-

205 3496 311 3578 cunt‚
334 3477 399 3550 Pol
426 3477 510 3554 istuc
536 3478 671 3578 quidem
701 3501 765 3552 nos
790 3473 901 3571 pretio
924 3476 1009 3548 tanti
1035 3477 1082 3549 est
1107 3477 1176 3550 fre·

207 3607 389 3686 quentare:
408 3588 455 3662 ita
477 3590 513 3661 in
539 3589 683 3687 prandio
706 3612 771 3662 nos
792 3586 903 3682 lepide
923 3610 962 3659 ac
988 3586 1094 3660 nitide
1115 3613 1175 3660 ac·
1308 3627 1310 3634 s

205 3700 337 3798 cepisti.
360 3702 511 3799 Apparet
537 3702 648 3776 dicere
669 3698 766 3773 facite
792 3699 858 3784 est,
882 3721 999 3771 curare
1026 3722 1063 3770 ut
1089 3697 1176 3769 adfi-

208 3832 312 3902 mus,
330 3834 411 3887 cunr
431 3833 501 3886 uun
519 3812 607 3887 bene
626 3834 693 3887 not
714 3810 871 3910 accipias.
895 3807 997 3901 Apud
1009 3806 1177 3902 Ennium,

609 3923 613 3930 ’
869 3920 903 3991 G
929 3942 950 3991 2
1000 3933 1002 3935 ’
