2834 4567
978 102 1037 197 dl,

278 274 287 284 ’
386 282 925 407 ruttrtuuutrr.
1090 359 1133 431 η

219 491 266 554 lin.
289 489 333 554 i8.
363 496 406 554 Ut
428 493 506 573 nosiri
527 512 639 585 augures
661 493 770 572 publice«
788 495 920 555 dixerunt.
933 501 964 574 ]·
977 490 1071 574 Lege,
1095 497 1138 557 Ut

174 572 1154 736 iiiiiiingifrioiibissits‘iiif'p'ridbicssidsiffridiegidii:

177 735 221 798 Ita
241 737 272 797 δι
288 734 436 795 Turnebus
456 737 529 795 bunc
544 734 635 795 iocum
655 737 795 795 emendari
811 733 892 817 jussit.
1252 756 1256 765 ’

221 818 267 877 lin.
281 820 327 878 26.
340 817 481 887 Gabinus,
489 814 725 896 fivepercgrinus,
738 819 821 896 δια]
832 816 902 878 Haec
913 837 969 878 nott
980 817 1040 899 plus
1051 818 1139 880 sensus

178 897 298 971 babent,
313 917 395 978 quam
420 895 491 956 surdi
513 897 637 976 lapides:
653 894 699 957 seb
718 895 756 957 stc
774 900 911 973 emendo,
931 901 962 960 δι
978 899 1054 960 sensu
1068 920 1141 981 quo·
1192 900 1207 931 '

180 979 246 1040 darn
259 982 289 1039 dt
308 981 366 1039 vita
383 975 491 1061 afficio,
508 979 541 1038 bt
555 978 633 1037 velut
649 979 741 1038 animo
759 978 847 1040 dono:
864 981 993 1060 Quocirca
1017 983 1141 1041 Gabinus

177 1056 1143 1221 ututstutttfuiittittitt.“stiunt

180 1242 246 1303 ager
265 1240 323 1280 nou
341 1235 510 1281 numeretur:
532 1183 608 1302 duod
625 1218 726 1282 scilicet
746 1220 824 1281 suum
847 1162 988 1303 quodgdam
1009 1224 1145 1303 auspicio·

181 1322 240 1361 rum
250 1320 361 1384 genusa
374 1303 478 1382 reliquo
488 1321 556 1384 agro
565 1301 712 1383 peregrino
720 1300 858 1363 diversirm
868 1301 977 1364 habear.
986 1303 1148 1368 Tuuusstu

184 1385 314 1463 Quocirca
345 1383 468 1442 Gabinus
496 1403 595 1463 quoque
614 1384 774 1463 peregrinus.
799 1381 897 1463 Neque
923 1387 996 1443 enirn
1021 1406 1088 1445 vera
1104 1383 1146 1447 est

181 1467 296 1525 aliorum
315 1463 456 1525 corresbio.
475 1462 511 1523 Et
526 1461 620 1543 supra,
635 1463 679 1521 Eo
698 1464 764 1522 enim
782 1485 817 1521 ex
826 1484 890 1540 agro
898 1459 1020 1527 Romano
1033 1470 1145 1543 primurn
1233 1538 1238 1547 Ι

150 1558 156 1563 “
200 1545 425 1625 rogredr'tbontur:
446 1545 507 1623 lege
531 1542 655 1602 Romani.
674 1542 718 1602 aiii
740 1542 834 1622 legunt
863 1547 982 1604 Romam.
1007 1545 1144 1609 Scitne.
1237 1545 1243 1561 '

178 1568 342 1705 ieregr'inus
360 1642 424 1703 ager
435 1621 531 1681 dicitur
548 1621 589 1690 is,
601 1622 630 1678 in
644 1640 727 1700 quent
743 1642 778 1683 ex
795 1639 864 1702 agro
877 1622 1007 1684 Romano
1024 1629 1146 1703 primum

180 1704 438 1787 progrediebantur.
465 1705 556 1781 iraque
581 1698 708 1761 Gabinus
737 1720 846 1782 quoque
864 1702 918 1762 dici
939 1722 1045 1784 poterat
1060 1705 1147 1766 Pere-

182 1788 294 1871 grinus,
309 1782 355 1845 sed
371 1782 491 1843 habebat
500 1779 626 1861 ¹auspicia
639 1783 797 1843 communia
808 1801 872 1843 cum
887 1783 1037 1858 Romano,
1050 1786 1150 1866 quibus

184 1890 202 1928 a
220 1868 364 1948 peregrino
382 1861 594 1924 discernebatur.
619 1883 685 1922 nam
703 1867 735 1924 in
756 1863 856 1945 quibus
883 1865 981 1925 eadem
1003 1865 1152 1927 servaban-

109 2024 112 2025 7
183 1964 229 2008 tur
246 1949 383 2027 auspicia,
404 1946 432 2003 in
449 1945 491 2006 bis
505 1943 626 2004 societas.
645 1944 696 2004 hac
711 1965 756 2017 re,
781 1946 897 2025 opinor,
913 1944 987 2008 Coto
1009 1945 1150 2009 Gallicum
1214 1952 1217 1963 '

182 2048 302 2112 agrum,
320 2026 393 2087 unde
417 2023 539 2087 Senones
564 2021 637 2083 Galli
660 2024 767 2086 suerent
792 2025 913 2106 expulsi,
935 2044 1021 2088 vocat
1043 2028 1149 2090 Roma·

184 2130 252 2170 num
263 2109 310 2169 lib.
324 2128 336 2168 ι
351 2105 519 2188 Originum:
540 2108 613 2183 Ager
627 2105 750 2166 Gallicus
760 2109 897 2168 Romanos
914 2128 1038 2181 vocatur,
1049 2112 1095 2190 qui
1106 2112 1150 2170 oi.

184 2193 255 2251 ririm
273 2191 314 2249 cis
334 2190 484 2265 Arimirgum
508 2188 591 2244 dorus
608 2188 655 2267 ‘fii
676 2185 746 2246 ultro
765 2208 855 2267 ugrum
878 2190 1011 2250 Picenum.
1031 2191 1062 2252 &
1080 2190 1148 2256 Liv.

183 2273 232 2335 lib.
252 2290 290 2349 27
303 2269 405 2342 refert,
417 2287 515 2350 agrurn
530 2264 721 2340 Frusinatem,
757 2271 785 2327 ui
802 2266 852 2327 fuit
868 2270 895 2329 in
908 2270 1054 2346 Hernicis,
1071 2273 1151 2334 hatu-

183 2353 269 2436 spicer
303 2368 332 2412 ut
360 2350 521 2410 Romanum
543 2345 701 2427 accepisse:
729 2289 868 2427 srustnonc
889 2369 970 2409 notus
996 2353 1150 2436 Androgy.

185 2456 246 2496 nus.
278 2432 425 2512 horuspices
444 2451 499 2489 eum
515 2447 638 2489 extorrem
661 2448 724 2507 agro
747 2433 869 2495 Romano
890 2431 983 2511 procul
1000 2452 1070 2494 terro
1088 2457 1150 2495 con.

183 2519 255 2583 sessu
272 2514 329 2573 olto
356 2513 553 2589 immergendum
575 2508 763 2589 responderunt.
790 2510 922 2593 Alioquin
948 2531 1012 2593 ager
1034 2513 1147 2574 Roma·

185 2616 239 2656 nus
257 2596 366 2675 proprie
380 2593 521 2653 dicebatur
540 2592 583 2662 is,
604 2610 688 2670 quem
712 2590 831 2651 Arvales
850 2591 1004 2655 sacerdotes
1026 2614 1081 2655 uno
1101 2595 1146 2657 die

186 2674 338 2737 ambarvaii
363 2671 494 2734 sacrificio
518 2669 674 2733 lustrabant.
694 2672 723 2732 id
747 2689 839 2733 :tutem
858 2692 918 2733 erar
938 2693 1070 2757 regnante
1088 2675 1147 2737 Ro·

187 2758 265 2818 mulo
286 2758 356 2817 intra
373 2757 497 2835 quintum
513 2772 560 2813 aut
576 2750 680 2817 sextum
696 2752 815 2833 lapidem
830 2754 865 2814 ab
876 2753 974 2830 Urbe,
992 2754 1027 2816 ad
1042 2757 1147 2836 locunt,

187 2858 271 2921 quem
287 2838 427 2898 vocabant
454 2832 582 2908 Festum,
597 2832 708 2895 audiore
731 2833 868 2896 Strabone
882 2836 930 2897 lib.
949 2858 974 2919 ς.
995 2837 1125 2902 ΡΟΡΜΛ.
1247 2874 1251 2883 ·

229 2919 275 2982 sin.
289 2937 334 2998 30.
348 2919 423 2997 Ager
430 2916 514 2977 oium
528 2915 575 2997 esi,
586 2914 615 2971 in
631 2936 708 2995 qnam
718 2935 808 2976 terram
825 2918 890 2999 qnid
897 2921 1010 2997 agebant
1019 2921 1064 2989 ,so
1078 2920 1150 2981 unde

205 3000 252 3059 uid
259 2997 476 3082 agebonrffrutius
485 2998 565 3073 causo
576 2998 650 3077 dte]
664 2995 695 3057 ln
707 2997 759 3057 hac
767 3000 825 3079 agri
841 3002 982 3059 notatione
1000 2999 1035 3058 ab
1051 3003 1151 3063 omni·
1207 3070 1211 3079 ¹

186 3024 258 3156 irus,
278 3098 347 3161 qnas
363 3078 474 3219 puidem
498 3077 634 3152 viderim,
649 3078 816 3158 editionibus
834 3079 967 3158 discrepat
983 3077 1149 3142 clandestina

187 3165 222 3226 ’ἃ
237 3163 348 3301 'miii
374 3160 1150 3322 “sss²3⁰:2¹2.‘’¹325‘'‘tutif‘fizssf‘ttsr‘s‘3¹55:
1177 3232 1184 3238 ·
1235 3168 1238 3173 ὅ

186 3264 258 3407 desid
273 3261 406 3385 iqdergcgi
422 3284 512 3382 dicurit
541 3261 662 3404 dypiutq
680 3337 728 3378 aut
745 3260 821 3401 rigor,
843 3341 894 3399 quo
914 3321 960 3400 ogi
973 3286 1092 3402 poteroi:
1106 3325 1148 3404 sie

187 3426 241 3490 quo
258 3404 321 3486 agi,
337 3405 418 3464 eiius.
445 3403 516 3462 Haec
543 3402 731 3480 interpretatio
748 3402 781 3463 δι
803 3400 899 3463 verior
918 3400 976 3478 est,
992 3404 1024 3466 dt
1047 3404 1152 3477 diluci-⁴

188 3490 266 3562 dior,
285 3505 370 3582 quam
391 3484 505 3577 editiun
525 3480 676 3545 Tutum.

560 3623 687 3722 Pagina
733 3644 786 3697 ιο.

229 3746 277 3814 lin.
296 3766 321 3809 t.
348 3707 499 3828 Quo-ogi,
523 3749 632 3824 asion]
656 3744 749 3827 Marg.
768 3740 867 3825 Scalig.
885 3763 938 3824 quo
951 3739 1070 3824 agitatus
1089 3737 1158 3824 ejus,¹

231 3829 279 3891 lin.
299 3848 345 3890 11.
366 3833 408 3890 Ur
425 3849 477 3907 quo
499 3828 648 3909 agebam]
672 3825 763 3911 silarg.
780 3823 878 3909 Scalig.
894 3843 925 3884 ur
940 3845 994 3904 qua
1012 3823 1068 3887 &u

288 3916 341 3991 M.
357 3912 404 3988 Τ.
423 3919 520 3990 Vorr.
539 3916 614 3987 Vol.
631 3912 681 3990 11.
918 3908 945 3976 B
