2834 4567
1034 11 1046 52 Ι

300 373 349 446 u
499 349 548 427 u.
571 350 785 426 Tannum
812 301 1047 433 vnnuouu
1140 352 1145 362 ·

251 569 262 588 „
301 509 386 584 liola
401 508 443 584 ad
460 509 611 587 cloacam
631 512 833 604 maximam,
851 515 910 588 ubi
930 540 1000 589 nou
1019 517 1100 592 licet
1118 518 1248 615 despue·

299 642 357 708 τε,
371 625 391 693 a'
405 618 563 694 dolioleis
580 620 639 692 sub
655 640 753 695 terra.
769 624 895 694 Eorum
911 623 984 696 duae
999 625 1127 698 traditae
1144 627 1245 701 hillo-
1296 659 1299 666 ·

299 726 380 817 riae;
402 730 499 825 quod
518 727 573 801 alii
587 728 651 801 effe
666 728 762 823 ajunt
779 728 850 803 olla
867 732 1069 806 cadaverum
1079 736 1164 809 :alii
1174 740 1246 810 Nu·

297 863 363 909 mae
383 829 542 935 Pompilii
562 837 716 937 religiosa
738 839 890 937 quaedam
915 840 1156 935 postmortem
1178 844 1246 938 ejus

296 943 425 1018 infossa„
447 945 632 1044 Argiletum
653 945 730 1019 sunt
759 946 819 1042 qui
842 946 1040 1043 scripserunt
1062 950 1105 1023 ab
1135 954 1246 1050 Argo,

297 1050 354 1125 seu
376 1054 469 1152 quod
487 1053 516 1128 is
538 1055 607 1129 huc
626 1054 741 1145 venit,
754 1053 870 1151 ibique
889 1054 1036 1152 sepultus
1055 1055 1112 1131 fir:
1130 1058 1188 1131 alii
1208 1061 1246 1134 ab

298 1159 437 1257 argilla,
451 1161 545 1260 quod
561 1160 609 1235 ibi
627 1160 662 1233 id
676 1186 781 1259 genus
794 1178 903 1236 terrac.
921 1162 1044 1237 Clivus
1056 1163 1246 1257 Publicius,
1273 1179 1277 1186 ’

298 1270 341 1341 ab
355 1270 506 1345 aedilibus
521 1265 629 1367 plebei
642 1272 843 1358 Publicius,
856 1272 917 1369 qui
930 1298 1006 1347 eum
1021 1272 1155 1370 publice
1167 1275 1247 1348 aedi·

297 1375 452 1454 ficarunt.
464 1380 570 1453 Simili
586 1381 627 1456 de
643 1380 737 1455 causa
750 1380 913 1457 Publilius
932 1382 1048 1473 vicus,
1062 1386 1099 1459 δι
1115 1382 1246 1458 Cosco·
1304 1407 1308 1412 ·

231 1551 235 1556 .
297 1484 376 1560 nius
391 1485 510 1577 vicus,
522 1487 617 1584 quod
634 1488 677 1561 ab
696 1488 768 1561 heis
788 1486 891 1561 vireis
910 1489 1071 1563 dicuntur
1089 1484 1248 1565 edificari·

296 1594 418 1669 Clivus
440 1595 617 1692 proximus
638 1600 680 1670 ad
703 1594 837 1669 florales
862 1596 939 1669 usus
959 1596 1083 1671 versus.
1105 1597 1251 1696 Capito·
1280 1587 1284 1600 ⁶

296 1703 382 1777 lium
398 1725 515 1792 rurus,
533 1707 627 1804 quod
644 1706 691 1778 ibi
709 1705 864 1778 sacellum
882 1705 996 1794 lovis,
1015 1704 1172 1795 lunonis,
1185 1704 1251 1778 Mi·

295 1838 411 1887 nervae
421 1816 476 1904 z&
487 1816 520 1888 id
534 1816 719 1915 antiquius,
732 1840 832 1912 quam
843 1811 955 1905 nis,
969 1843 1046 1911 quae
1061 1816 1096 1888 in
1110 1817 1250 1910 Capito·

294 1924 344 1997 lio
367 1924 461 2000 falla.
475 1925 631 2022 Esquiliis
648 1926 745 2000 vicus
767 1919 919 2010 Asticus,
937 1924 1033 2018 quod
1055 1923 1101 1994 ibi
1118 1925 1250 2000 obfides
1281 1943 1285 1950 “

163 2121 167 2132 ¹
294 2059 337 2108 ex
354 2034 469 2108 Africa
492 2035 584 2108 bello
598 2033 728 2112 Punico
743 2033 900 2109 dicuntur
918 2032 981 2104 effe
1000 2032 1169 2106 custoditi.
1187 2035 1250 2107 Vi·

294 2152 355 2216 'cus
374 2141 511 2235 Ciprius
534 2167 554 2215 a
576 2141 693 2237 ciproa
717 2141 812 2237 quod
833 2138 882 2211 ibi
903 2138 1015 2212 Sabini
1034 2139 1129 2214 cives
1144 2141 1249 2217 additi

294 2244 540 2338 consederunt,
562 2247 622 2345 qui
649 2273 669 2321 a
700 2249 797 2322 bono
824 2244 939 2320 omine
965 2246 999 2320 id
1027 2249 1248 2345 appellarunt.

146 2428 153 2439 .
230 2419 235 2427 .
291 2355 381 2429 Nam
395 2353 523 2451 ciprum
538 2353 658 2430 Sabine
674 2354 815 2428 bonum.
827 2356 938 2452 Prope
951 2356 1042 2430 hunc
1056 2353 1152 2432 vicus
1164 2360 1247 2433 Sce-
1319 2381 1342 2452 Ι·
1410 2333 1415 2346 ’

292 2464 417 2539 letatus
440 2464 545 2538 diuus
571 2490 590 2539 a
618 2465 733 2538 Tullia
755 2464 934 2562 Tarquinii
954 2468 1094 2562 Superbi
1116 2492 1247 2556 uxore5

292 2576 405 2677 quod,
416 2574 463 2648 ibi
479 2601 557 2651 cum
572 2574 696 2671 jaceret
711 2593 806 2671 pater
828 2574 982 2663 occisus,
995 2578 1092 2674 supra
1112 2603 1188 2651 eum
1207 2597 1246 2653 ut

291 2687 440 2760 mitteret
454 2707 648 2784 carpentum
663 2686 791 2776 mulio,
803 2685 901 2782 jussir.
920 2692 962 2762 Et
974 2688 1136 2785 quoniam
1149 2691 1246 2765 vicus

292 2795 420 2870 constat
440 2818 484 2868 ex
502 2796 679 2887 domibus,
696 2819 788 2869 nunc
807 2819 920 2870 earum
941 2796 1110 2870 vocabula
1131 2796 1246 2872 videa·

168 2935 175 2948 ·
291 2930 377 2981 mus.
391 2906 527 2979 Domus
540 2909 697 2980 Graecum
711 2903 779 2992 est,
792 2907 831 2979 δι
847 2906 925 2979 ideo
939 2904 975 2978 in
987 2906 1115 2981 adibus
1127 2907 1246 2987 sacreis

168 3063 171 3072 ι
292 3034 370 3088 ante
398 3016 544 3105 callam,
573 3015 631 3088 ubi
656 3015 748 3088 sedes
771 3014 840 3087 Dei
866 3014 964 3101 sum,
990 3016 1103 3092 Graeci
1128 3016 1245 3093 dicunt

189 3173 194 3182 ι
289 3133 450 3217 aelirum:
467 3121 562 3218 quod
590 3120 686 3217 poli,
708 3132 907 3211 brrrbllouou·
932 3119 1043 3194 AEdeis
1071 3122 1245 3230 abladitu‚

290 3236 385 3332 quod
405 3234 508 3332 plano
530 3233 614 3331 pede
628 3231 773 3306 adibant.
789 3237 906 3330 ltaque
925 3257 969 3305 ex
988 3233 1114 3308 aedibus
1132 3232 1245 3310 efferri

291 3342 456 3419 indillivo
477 3343 593 3417 funere
610 3368 726 3439 praeco
744 3343 845 3417 etiam
867 3365 927 3416 eos
949 3342 1055 3432 dicit,
1075 3342 1133 3439 qui
1156 3367 1175 3413 e
1192 3359 1244 3415 ra·

109 3421 139 3540 ἢ,
291 3451 424 3527 berneis
442 3453 644 3541 efferuntur3
662 3455 701 3527 δι
719 3453 851 3526 omneis
870 3451 905 3524 io
925 3451 1025 3528 censu
1046 3450 1144 3523 villas
1163 3450 1243 3526 inde

170 3578 175 3588 '
292 3562 434 3637 dicimus
460 3564 569 3639 AEdes.
590 3564 727 3637 Cavum
750 3562 872 3636 aedium
895 3561 1042 3649 dicium
1061 3558 1120 3656 qui
1146 3559 1243 3638 locus

153 3678 155 3682 ’
291 3671 397 3746 tellus
410 3671 495 3745 intra
511 3671 651 3767 parietes
662 3671 911 3770 relinquebatur
927 3669 1079 3768 patulus,
1090 3668 1149 3766 qui
1164 3669 1243 3743 esset

223 3853 229 3864 .
288 3784 330 3858 ad
350 3807 565 3859 communem
582 3781 737 3858 omnium
751 3783 855 3864 ulum.
878 3786 918 3856 ln
935 3781 1003 3859 boc
1017 3780 1114 3859 locus
1128 3778 1153 3854 li
1169 3779 1242 3853 nul·
