2834 4567
292 375 337 451 ιι
496 373 545 443 M.
572 367 795 443 τιιιιιιιτιι
821 309 1118 441 νιιιιιοιιιςῖ

288 531 370 611 fimo
385 531 477 606 sensu
493 475 536 603 Ιιι1
546 530 616 604 hoc
636 529 765 625 templo
786 527 946 602 faciundo
965 530 1105 604 arbores
1126 530 1255 605 consti·

288 644 339 718 rui
358 640 440 714 fines
459 655 615 737 apparet,
634 639 673 712 δι
692 636 779 709 intra
800 661 855 710 eas
875 636 1052 736 regiones,
1071 641 1139 738 q'ua
1155 638 1251 714 oculi
1328 631 1330 644 '

290 748 521 847 conspicient,
539 746 573 818 id
590 745 636 818 est
651 746 791 819 tuimur:
807 768 909 842 aquo
925 749 1088 843 tempium
1107 747 1251 840 diuum,

179 853 184 868 ⁸
290 866 330 938 δι
346 854 598 953 Contemplare.
618 872 656 927 ut
673 855 764 950 apud
780 853 926 927 Ennium
947 855 983 926 in
1003 858 1141 947 Medea,
1156 858 1252 930 Con·

290 969 438 1068 templa,
452 971 491 1042 &
504 965 664 1062 ternplum
677 965 811 1037 Cereris
826 965 868 1035 ad
880 963 1003 1038 laevarn
1020 965 1139 1060 aspice.
1153 967 1252 1039 Con·
1331 1044 1339 1074 κ

292 1079 455 1175 ιειιιρΙιιιε
468 1079 506 1151 δι
526 1069 725 1171 conspirare
746 1073 835 1164 idem
851 1071 936 1162 effe,
949 1093 1096 1169 apparet.
1111 1073 1190 1148 ideo
1200 1075 1252 1147 di·

291 1211 369 1262 eree
379 1209 458 1259 curn
469 1183 631 1279 ternplum
646 1179 769 1255 faciant
781 1204 920 1278 augures
930 1181 1175 1277 Conspicione,
1183 1207 1251 1280 qua

292 1292 474 1365 oculorum
504 1287 720 1384 conspessum
747 1282 881 1358 finiant:
907 1286 1002 1381 quod
1026 1309 1105 1358 curn
1132 1289 1252 1363 dicunt
1321 1319 1324 1323 ·

291 1397 566 1496 conspicium,
587 1396 713 1468 addunt
733 1395 1016 1486 Cortumionern,
1030 1417 1107 1490 quae
1127 1393 1254 1469 dicitur

292 1511 318 1588 ιι
327 1511 439 1587 cordis
456 1511 541 1586 visu.
552 1513 625 1600 Cor
643 1510 760 1600 ειιίιιιι
772 1507 998 1581 cortumionis
1015 1507 1124 1604 origo.
1141 1509 1250 1602 Quod

292 1623 408 1711 addit,
426 1622 549 1719 templa
569 1641 606 1693 ut
621 1621 685 1693 fint
697 1619 836 1719 dextrn3
852 1619 946 1715 ajunt
967 1619 1074 1692 sanna
1093 1619 1175 1706 effe,
1189 1621 1250 1718 qui

292 1733 413 1831 glossas
431 1733 694 1829 scripserunt.'1d
716 1731 762 1803 est
779 1729 908 1804 falsum.
926 1755 1005 1804 narn
1023 1729 1115 1803 curia
1135 1729 1251 1804 Hosti·

292 1842 337 1916 lia
360 1841 521 1938 templum
542 1842 613 1930 est,
636 1845 674 1915 &
700 1841 846 1918 sancium
871 1864 942 1912 non
965 1839 1023 1914 est.
1043 1839 1098 1912 sed
1122 1841 1189 1913 hoc
1213 1857 1252 1911 ut

291 1971 455 2049 putarent·
466 1952 571 2024 aedern
589 1951 712 2025 sacram
729 1952 793 2023 effe
807 1939 972 2046 'templum
989 1952 1027 2025 δι
1041 1951 1187 2024 [ιιιέἲιιιιι
1200 1950 1252 2023 es-

291 2062 346 2151 {03
360 2063 456 2160 quod
474 2062 509 2132 in
528 2062 610 2132 urbe
626 2063 738 2132 Rorna
759 2061 928 2156 pleraque
948 2059 1034 2133 aedes
1055 2060 1154 2132 sacrae
1174 2059 1251 2134 sunt

292 2169 437 2264 templa,
450 2169 566 2238 eadem
583 2166 709 2239 sanna:
727 2166 878 2262 &quod
896 2164 971 2239 loca
989 2166 1141 2262 quadam
1158 2191 1251 2262 agre-

280 2278 374 2367 stia,
392 2275 486 2373 quod
500 2274 640 2370 alicujus
658 2274 730 2349 Dei
752 2274 845 2365 sunt,
861 2275 1020 2349 dicuntur
1034 2278 1151 2353 Tesea.
1163 2279 1251 2352 Nun

291 2385 381 2485 apud
394 2387 526 2461 Akiiurn
543 2387 579 2461 in
596 2388 801 2480 Philonem,
816 2388 954 2462 Lemnia
965 2389 1041 2485 quis
1055 2409 1093 2463 tu
1108 2415 1142 2463 es
1158 2416 1250 2465 mor·

291 2498 387 2589 talis,
406 2497 466 2594 qui
481 2499 516 2570 in
532 2497 658 2572 deserta
677 2503 716 2573 &
736 2498 824 2574 tesca
842 2517 877 2572 te
891 2520 1050 2595 apportes
1066 2503 1168 2574 locri
1183 2489 1250 2574 Lo·

290 2634 331 2684 ca
356 2608 471 2696 enirn,
490 2632 565 2706 quae
591 2608 690 2698 sunt,
704 2608 872 2705 designat,
890 2632 970 2681 eum
996 2609 1079 2682 dicit
1101 2611 1248 2685 Lemnia.

290 2717 507 2807 praestolare,
524 2720 563 2791 &
587 2718 672 2791 celffi
691 2719 856 2791 Cabirum
879 2718 1018 2792 delubra
1040 2738 1151 2804 ιειιεε,
1169 2746 1250 2818 my·

289 2824 454 2920 steriaque
476 2823 612 2920 pristina
633 2826 748 2900 casteis
770 2846 938 2922 concepta
959 2825 1090 2899 sacreis.
1111 2826 1250 2901 Deinde

290 2930 459 3032 Volcnnia
479 2932 602 3027 templa
622 2935 682 3006 sub
704 2933 803 3032 ipseis
828 2935 993 3010 collibus:
1015 2935 1050 3005 in
1076 2959 1164 3032 quos
1187 2938 1249 3009 de·

189 3035 193 3046 ⁸
290 3040 377 3114 latus
389 3039 487 3113 locos
501 3037 641 3132 dicitur,
656 3043 727 3117 alto
740 3044 782 3138 ab
797 3043 914 3116 limine
929 3044 1016 3116 caeli.
1029 3048 1070 3116 Et
1084 3044 1250 3136 Naevius,

290 3149 488 3248 Exspirante
509 3177 638 3249 vapore
651 3153 768 3241 vides,
781 3154 871 3225 unde
883 3154 974 3252 ignes
984 3152 1076 3226 eluet
1092 3155 1249 3227 mortali·
1346 3213 1369 3230 ι,

287 3260 352 3334 bus
372 3259 492 3337 diveis.
515 3262 631 3355 Quare
648 3261 724 3336 heic
747 3261 806 3359 qui
827 3260 913 3335 tesca
935 3261 1042 3352 dixit,
1062 3287 1135 3336 non
1154 3286 1248 3335 erra·

288 3370 355 3442 vir.
381 3395 489 3468 neque
512 3372 612 3461 ideo,
632 3372 729 3471 quod
746 3371 876 3462 fanen,
901 3372 957 3444 sed
975 3373 1069 3471 quod
1091 3372 1139 3444 ibi
1165 3395 1248 3471 rny·

288 3476 386 3550 steria
406 3477 511 3571 fiunt,
530 3506 571 3556 ac
597 3502 752 3573 tuentur,
775 3483 903 3559 Tuesca
925 3484 1029 3571 diua,
1051 3481 1126 3579 post
1149 3481 1247 3558 tesca.

288 3587 396 3661 Tueri
424 3590 494 3662 duo
519 3590 700 3696 fignificat,
721 3620 825 3668 unum
854 3595 898 3668 ab
920 3595 1073 3691 aspeuu,
1098 3611 1137 3665 ut
1157 3581 1247 3668 dixi:

289 3696 382 3770 unde
396 3695 444 3769 est
462 3695 566 3789 illud,
582 3703 699 3774 Tueor
717 3720 751 3775 te
769 3702 869 3776 senex
883 3705 971 3800 proh
988 3701 1164 3798 Iuppiter?
1186 3706 1249 3790 Et,

287 3804 377 3902 Quis
402 3827 573 3908 puerant
596 3834 760 3911 cognatus
785 3814 884 3889 volet
906 3837 974 3904 nos¹
991 3829 1112 3887 contra
1134 3810 1245 3886 tueri?
