2834 4567
165 330 166 333 ‘
270 378 346 451 «Μ
488 352 538 424 u.
563 350 784 426 mannan
809 317 1066 428 vinnom-n

171 592 177 602 ,
272 509 421 587 advertit
447 509 700 601 similitudines,
725 511 850 608 quibus
873 513 1000 588 utimur
1014 514 1240 614 imperando,¹

274 623 399 721 quibus
415 618 452 692 in
474 622 650 718 optando,
673 622 795 718 quibus
817 622 852 694 in
872 624 1138 723 interrogando,
1162 630 1264 727 qui·x

166 795 170 802 ,
275 734 340 807 bus
362 731 399 805 in
420 730 571 805 infeueis
586 732 708 820 rebus,
732 733 855 831 quibus
874 733 909 806 io
932 733 1123 831 perfeCleis,
1139 739 1185 812 fic
1205 738 1243 812 iu

274 842 350 918 aliis
368 841 643 917 discriminibus?
662 846 779 935 Quare
797 843 859 944 qui
878 862 978 943 negat
993 846 1057 918 elle
1075 847 1243 921 rationem

276 951 463 1048 analogian,
485 975 557 1024 non
581 951 678 1024 videt
699 972 855 1026 naturam
881 978 954 1026 non
978 954 1087 1028 solum
1111 956 1243 1029 oratio-

180 1105 183 1116 ·
276 1062 353 1145 nio,
367 1060 421 1133 sed
448 1060 554 1134 etiam⁴
571 1058 709 1132 mundie
726 1059 788 1156 qui
805 1079 915 1133 autem
943 1060 1082 1152 vident,
1096 1065 1134 1137 δι
1152 1063 1244 1161 sequi

276 1189 404 1269 negant
429 1188 612 1266 oportere,
640 1180 791 1267 pugnant
818 1194 938 1244 contra
968 1191 1145 1262 naturam,
1170 1198 1246 1246 oon

278 1297 401 1353 contra
417 1277 628 1376 analogiam
647 1278 686 1352 δι
702 1298 856 1377 pugnant
872 1280 1068 1369 volstlleis‚
1086 1305 1157 1353 non
1176 1283 1246 1378 gla·
1362 1283 1365 1296 '

147 1429 149 1438 ,
174 1417 182 1440 ¹
205 1478 209 1490 .
278 1390 360 1463 dio:
374 1414 450 1463 cum
469 1411 577 1484 pauca
593 1404 736 1479 excepta
753 1387 857 1462 verba
879 1412 922 1461 ex
941 1388 1061 1488 pelago
1080 1389 1245 1463 sermonis

279 1499 379 1599 puri,
403 1498 516 1573 minus
538 1498 618 1571 trita
640 1497 802 1586 efferant3
824 1523 901 1573 cum
924 1497 1040 1572 dicant
1064 1519 1247 1597 propterea

280 1610 455 1710 analogias
477 1633 548 1683 non
568 1610 641 1683 effe.
666 1609 817 1683 smiliter
832 1628 872 1683 ut
887 1609 912 1682 fi
929 1609 1004 1708 quis
1022 1609 1147 1683 viderit
1169 1636 1248 1684 mu·

279 1718 382 1792 nilum
403 1721 551 1810 bovem,
569 1739 628 1795 aut
644 1719 772 1795 luscum
789 1719 986 1810 hominem,
1000 1719 1247 1795 claudicantem

280 1853 434 1926 equum,
458 1849 557 1926 neget
583 1828 619 1918 in
652 1828 815 1901 cornibus
842 1828 977 1919 boum,
1001 1829 1178 1902 hominum
1197 1831 1249 1906 Ὶδι

279 1965 477 2039 equorum,
499 1957 651 2012 naturam
669 1937 896 2012 fimilitudinis
910 1940 1140 2033 proportione
1158 1965 1249 2014 con·

280 2049 377 2123 flare.
399 2049 470 2141 Qui
488 2067 622 2134 autem,
638 2071 717 2120 cum
737 2048 808 2121 duo
822 2072 942 2144 genera
958 2048 1023 2120 elle
1035 2050 1152 2123 dicunt
1165 2077 1250 2125 ana·

280 2153 408 2255 logio:
427 2180 532 2228 unum
551 2156 720 2245 naturale,
733 2158 897 2254 quod‚ut
918 2182 961 2230 ex
982 2158 1128 2240 lentibus
1142 2164 1249 2236 nareis

280 2265 668 2356 nascunturlontes,s1c
686 2290 731 2340 ex
750 2264 895 2363 lupineis
918 2268 1093 2364 lupinum:
1107 2270 1249 2344 alterum

283 2373 519 2448 voluntarium
530 2427 542 2466 ,
557 2393 598 2449 ut
619 2373 654 2450 in
678 2376 830 2469 fabrica,
847 2402 926 2450 cum
945 2378 1251 2472 videntlscaenam,

266 2484 533 2560 'undexteriore
543 2502 636 2583 parte
651 2485 717 2560 fint
735 2484 843 2571 ostia,
859 2485 905 2560 fic
919 2486 984 2560 effe
998 2486 1033 2558 in
1050 2487 1253 2562 sinisteriore
1370 2496 1375 2512 '

282 2597 385 2670 simili
402 2595 535 2672 ratione
555 2594 659 2670 falla:
671 2597 714 2669 de
727 2595 798 2696 heis
811 2597 946 2671 duobus
958 2597 1135 2696 generibus
1151 2617 1253 2670 natu·
1276 2657 1278 2660 .

283 2707 389 2783 talem
413 2705 478 2780 effe
497 2706 688 2804 analogiam
702 2731 714 2780 a
730 2723 769 2779 ut
787 2705 826 2780 fit
847 2706 883 2780 in
898 2707 1049 2782 motibus
1065 2705 1162 2780 caeliz
1181 2729 1252 2776 vo·

283 2815 468 2892 luntariam
488 2838 575 2890 vero
594 2814 679 2906 effe,
691 2816 787 2911 quod
804 2841 843 2890 ut
861 2815 984 2913 cuique
1001 2813 1098 2886 fabro
1118 2811 1253 2886 libitum

283 2922 346 3019 sit,
366 2924 467 3023 pollii
487 2924 598 3001 facere
626 2946 756 3022 partem
777 2926 922 3014 scaenae3
945 2926 991 2999 fic
1016 2923 1052 2997 in
1074 2922 1253 2997 hominum

284 3039 436 3139 partibus
453 3039 523 3112 effe
538 3039 733 3136 analogias;
759 3039 854 3134 quod
874 3063 929 3111 ens
953 3054 1071 3110 natura
1093 3034 1195 3109 fecitz
1214 3035 1252 3107 in

284 3150 422 3226 verbeis
444 3174 517 3223 non
533 3149 618 3232 effe,
637 3148 734 3247 quod
756 3150 795 3221 δι
812 3145 969 3220 homines
990 3145 1032 3218 ad
1050 3144 1140 3218 suam
1161 3142 1255 3241 quis·

285 3285 354 3358 que
369 3243 584 3334 voluntatem
597 3256 743 3356 fingunt.
758 3255 872 3355 itaque
885 3255 927 3328 de
948 3253 1062 3327 iisdem
1076 3255 1176 3327 rebus
1188 3251 1255 3325 alia

278 3369 393 3464 =verba
405 3370 527 3443 habere
541 3370 707 3460 Graecos,
720 3365 785 3440 alia·
795 3368 926 3465 Syros,
939 3364 1002 3438 alia
1017 3363 1166 3437 latinos.
1179 3363 1258 3459 Ego
1326 3421 1332 3435 .

285 3480 476 3555 declinatus
505 3482 691 3554 verborum
718 3480 757 3553 &
781 3476 998 3551 voluntarios
1023 3475 1062 3548 &
1087 3474 1255 3545 naturales

286 3589 354 3665 effe
374 3608 471 3686 puto.
491 3588 736 3680 voluntarios,
757 3588 879 3687 quibus
898 3586 1055 3660 homines
1082 3584 1254 3660 vocabula

285 3699 513 3795 imposuerint
532 3698 633 3771 rebus
651 3684 829 3795 quaedam,
845 3713 882 3766 ut
902 3720 922 3767 a
940 3691 1091 3766 Romulo
1115 3695 1255 3778 Roma,

285 3832 308 3884 a
321 3807 451 3886 Tibure
469 3806 649 3884 Tibuttes:
661 3803 850 3898 naturales,
865 3821 903 3878 ut
922 3804 966 3877 ab
981 3798 1167 3899 impositeis
1182 3821 1253 3876 uo·
