2834 4567
18 3576 19 3589 i

18 3648 19 3731 q
141 3660 146 3676 r

268 285 342 430 334
473 300 524 403 uss
550 316 778 433 reatuin
804 320 1040 402 virtutus
1154 344 1157 349 <
1274 296 1282 307 '

319 490 413 583 Quia
436 453 603 562 summum
625 456 758 562 bonum
783 488 818 562 in
840 487 1079 587 philosophia,
1098 510 1170 564 non
1190 514 1246 565 at·

175 632 178 647 ·
272 603 387 695 boris,
407 625 481 675 non
505 601 661 698 pecoris,
685 625 759 674 non
780 600 869 687 Dei,
895 602 949 674 sed
974 602 1127 675 hominis
1152 629 1248 700 quae·

270 712 378 803 titur,
398 713 481 810 quid
503 711 544 785 fit
559 712 633 808 ipse
651 710 761 784 homo
774 764 785 798 ,
800 713 1021 819 quaerendum
1037 731 1144 808 purat.
1162 715 1248 783 Sen-

271 827 315 897 tit
334 823 485 922 quippe,
505 820 543 894 io
573 818 645 914 ejus
663 840 784 894 natura
804 823 874 894 duo
891 819 957 895 effe
974 824 1149 919 quaedam,
1167 848 1251 896 cor·
1399 812 1400 887 ἶ

271 960 336 1033 pus
361 938 400 1010 &
418 936 593 1020 'animaru3
617 935 655 1007 δι
683 933 808 1007 horum
835 933 973 1031 quidem
1002 937 1148 1008 duorum
1174 960 1250 1007 me·
1399 926 1400 953 ³

271 1048 338 1121 lius
361 1046 426 1121 effe
444 1043 612 1132 animaru,
635 1044 807 1143 longeque
829 1044 977 1118 omnino
1004 1044 1252 1141 praestabilius,
1399 1032 1400 1123 i

250 1142 347 1231 'uon
368 1155 511 1228 dubitat.
536 1154 601 1226 Sed
622 1173 737 1225 utrum
756 1151 869 1225 anima
893 1152 963 1225 sola
994 1154 1034 1226 srt
1060 1157 1193 1242 homo,
1211 1170 1252 1227 ut
1399 1224 1400 1243 ,

273 1267 321 1342 ita
342 1267 382 1340 {it
405 1266 437 1338 ei
459 1287 586 1359 corpus
613 1280 776 1361 tanquam
803 1274 912 1361 equus
938 1262 1066 1360 equiti,
1094 1290 1253 1362 quaeren·
1399 1312 1400 1315 =

275 1381 360 1452 dum
382 1394 489 1474 putat.
511 1378 623 1471 Eques
640 1360 739 1448 ‘enim
758 1400 830 1449 non
852 1376 960 1449 homo
983 1377 1023 1451 &
1044 1366 1168 1473 equus,
1195 1376 1254 1450 sed
1365 1432 1371 1439 .

274 1489 368 1565 solus
391 1488 501 1562 homo
524 1486 590 1561 est:
617 1486 698 1559 ideo
721 1504 836 1560 tamen
859 1511 963 1587 eques
987 1487 1129 1576 dicitur,
1155 1486 1260 1588 quod=
1317 1547 1330 1576 ,
1399 1490 1400 1523 ἦ

273 1601 395 1696 aliquo
414 1601 523 1673 modo
545 1596 577 1670 se
602 1595 725 1669 habeat
747 1596 789 1668 ad
813 1621 950 1694 equum.
973 1599 1029 1671 An
1051 1620 1176 1694 corpus
1196 1597 1253 1668 so·
1399 1640 1400 1643 =

178 1794 181 1801 Ι
276 1709 348 1781 lum
370 1708 408 1781 fit
427 1708 537 1781 homo
558 1705 676 1803 aliquo
697 1707 805 1779 modo
822 1707 855 1779 se
876 1706 1005 1780 habens
1025 1707 1068 1778 ad
1087 1707 1254 1795 animam,

264 1821 364 1895 ¹sicut
392 1819 559 1916 poculum
584 1817 628 1889 ad
655 1818 848 1911 potionem.
871 1812 956 1889 Non
982 1820 1072 1890 enim
1101 1821 1188 1893 calix
1215 1820 1255 1894 &

237 1924 239 1927 ’
276 1929 401 2026 potio,
425 1954 528 2025 quam
557 1925 717 2001 continet
736 1925 848 2013 calix,
870 1925 968 1997 fimul
992 1924 1116 2000 dicitur
1142 1954 1254 2025 pocu-

277 2041 370 2131 lum,
396 2037 452 2110 sed
484 2036 572 2111 calix
599 2028 803 2117 solusrideo
827 2038 1086 2144 ramennquod
1112 2039 1253 2134 potioni

278 2146 496 2226 continendae
519 2145 559 2217 fit
585 2144 877 2219 accommodatus.
899 2148 953 2216 An
976 2169 1062 2218 vero
1088 2173 1152 2222 nec
1179 2149 1254 2221 ani·

278 2286 332 2331 ma
352 2258 445 2344 sola,
471 2281 536 2330 nec
560 2253 669 2329 solum
695 2279 844 2352 corpus,
868 2246 923 2327 sed
946 2254 1044 2329 fimul
1070 2277 1254 2357 utrumque

279 2369 319 2442 srt
334 2369 462 2456 horno,
474 2366 569 2461 cujus
591 2389 669 2465 pars
688 2363 729 2467 fit
743 2390 831 2454 una,
845 2362 916 2436 slve
934 2366 1063 2456 anima,
1079 2366 1150 2441 sure
1171 2392 1254 2442 cor·

187 2536 193 2549 .
279 2502 360 2574 pus:
385 2476 443 2550 ille
472 2496 587 2550 autern
615 2494 709 2549 totus
731 2500 776 2549 err
799 2493 947 2573 utroque
976 2477 1127 2568 constet,
1149 2497 1188 2551 ut
1214 2477 1255 2554 fit

279 2587 415 2687 horno-i
433 2588 529 2660 Sicut
545 2588 634 2660 duos
655 2611 764 2684 equos
780 2583 935 2681 junstos,
957 2580 1049 2687 bigas
1067 2587 1254 2680 vocamus,

279 2723 429 2797 quorum
457 2698 529 2771 five
551 2698 691 2784 dexter,
713 2695 783 2773 stre
807 2696 956 2788 finister,
985 2723 1061 2794 pars
1086 2698 1134 2771 est
1156 2698 1249 2796 biga·

279 2833 375 2882 rum:
395 2831 501 2880 unum
528 2831 616 2880 vero
632 2831 775 2896 eorum,
795 2808 1051 2905 quoquomodo
1073 2805 1107 2879 se
1127 2807 1251 2884 habeat
1343 2846 1349 2862 ·
1399 2794 1400 2805 ἵ

280 2920 324 2993 ad
345 2919 511 3008 alterum,
533 2918 628 3016 bigas
647 2944 720 2992 non
741 2917 907 3009 dicimur,'
932 2918 985 2990 sed
1009 2918 1253 2997 ambos‘fimrrl.
1324 2995 1332 3019 ‚

280 3028 418 3102 Horum
431 3044 545 3099 autem
565 3025 666 3099 trium
687 3026 755 3102 boc
774 3025 869 3122 eligit
890 3023 1048 3104 tertium,
1063 3026 1254 3101 hominem·
1278 3074 1283 3083 ·

281 3161 349 3235 que
374 3161 439 3211 nec
471 3134 617 3208 animam
644 3132 775 3223 solam,
805 3160 869 3208 nec
899 3133 1008 3206 solum
1038 3161 1164 3234 corpus
1190 3135 1255 3212 effe
1399 3154 1400 3157 ’

283 3242 470 3315 arbitratur.
495 3243 643 3317 Proinde
663 3240 829 3315 summurn
843 3241 974 3313 bonum
993 3242 1161 3336 hominis,
1181 3268 1254 3341 quo

281 3347 322 3422 fit
346 3353 481 3442 beatus,
503 3378 548 3425 ex
566 3353 740 3451 utriusque
765 3352 815 3425 rei
842 3352 945 3428 bonis
970 3354 1124 3428 constare
1151 3354 1256 3446 dicit,

282 3463 321 3535 δι
333 3459 457 3541 animae
472 3460 621 3552 scilicet,
641 3452 861 3561 &corporio
877 3490 918 3539 ac
931 3490 990 3560 per
1002 3466 1070 3538 hoc
1084 3464 1192 3562 priora
1213 3463 1254 3536 il·

281 3568 313 3640 la
332 3588 462 3642 naturae
482 3593 624 3669 propter
643 3574 760 3672 seipsa
780 3575 947 3651 existimat
963 3575 1028 3649 etse
1046 3576 1254 3675 expetenda,

282 3678 455 3781 ipsamque
478 3681 661 3778 virtutem,
685 3708 788 3785 quarn
814 3687 967 3762 doeirina
993 3684 1141 3779 inserit„
1159 3687 1255 3762 velut

281 3811 388 3866 artem
409 3790 575 3922 vivendi3
593 3818 671 3893 quae
688 3794 727 3870 iu
749 3796 873 3873 arrimae
897 3797 1000 3874 bonis
1017 3798 1064 3873 est
1087 3797 1255 3873 excellen-
