2834 4567
356 276 1142 444 rurrtcmnuru3„

181 498 229 563 'ubi
244 495 374 563 Servius:
395 499 512 559 Tetricus
526 519 599 559 mons
614 499 642 558 in
657 484 948 581 Sabinisusptrrintut.
966 496 1039 561 uode
1052 498 1145 560 bonti-

184 598 233 643 ues
247 579 332 642 trillet
350 602 383 642 ac
399 580 508 655 severi,
524 582 651 641 dicuntur
667 582 765 643 tetrici.

227 663 321 724 Ducat
335 665 373 721 ad
387 662 418 722 A
433 661 536 743 piant]
556 663 650 742 Appia
667 681 738 743 aqua
753 676 809 723 erat
827 658 877 722 sub
895 660 1000 742 templo
1015 659 1143 737 Venerit,

184 763 282 804 ornata
302 741 383 825 signis
397 683 580 816 (aioncordiae,
598 744 693 817 Pacis,
714 742 826 818 Vestae3
841 761 902 824 quae
917 743 981 804 inde
999 740 1142 823 Appiadet

183 821 259 887 Dea
281 826 447 900 nominata,
471 825 545 906 apud
562 844 629 965 puae
649 822 739 906 jurgia
760 824 873 906 litesque
889 825 1042 908 conjugunt
1059 822 1143 893 disee

185 907 342 988 ptabantur.
357 904 446 967 Ovid
462 904 511 966 lib.
527 925 541 986 3
582 926 597 966 e
611 906 681 967 Arte
697 906 826 967 amandi:
907 948 910 953 -

227 986 293 1047 Has
315 987 403 1047 Verus
417 1009 430 1046 t
445 988 565 1069 templis,
581 988 662 1047 multo
680 988 849 1048 radiantiduu
867 1006 951 1063 auro,

229 1069 305 1127 Luta
324 1068 397 1129 uidet
416 1068 493 1144 ditet,
509 1064 695 1150 “Appiadesque
716 1069 792 1130 Dtae.

187 1147 225 1214 Et
241 1148 287 1208 lib.
308 1170 325 1211 2
340 1148 376 1210 de
399 1148 536 1211 Remedio
554 1170 645 1214 arnor.
735 1186 741 1199 ·

231 1231 334 1311 Turpe,
354 1231 398 1290 vir
417 1234 444 1292 0
462 1232 555 1292 mulier
563 1230 653 1326 p'uutii
671 1233 761 1306 modo,
773 1230 894 1313 protinus
914 1229 1014 1314 defles:

230 1314 296 1373 Non
316 1312 378 1391 isias
398 1312 473 1388 litet,
494 1306 603 1395 Appta't
619 1313 679 1395 ipsa
691 1314 795 1393 probat.

188 1392 287 1456 Varro
308 1392 468 1475 Mylicriis:
493 1395 525 1454 Itt
549 1394 581 1455 id
604 1392 692 1474 urge,
718 1395 768 1452 dns
790 1414 809 1450 a
822 1391 924 1473 femina
944 1410 976 1454 ut
995 1391 1146 1476 miseratur,

191 1497 248 1556 quae
266 1466 430 1555 pisteuquurrt
442 1475 507 1533 milti
521 1478 560 1535 ud
578 1417 828 1536 Ciucordiumdiiiu
844 1476 886 1553 est.
1222 1492 1227 1499 ’
1252 1508 1257 1517 =

230 1558 377 1632 ΤΡΙΟΔΙΠ
396 1559 608 1638 Rimmon]
630 1552 749 1629 Censet,
766 1554 907 1614 hominem
921 1574 977 1615 non
993 1554 1068 1649 poile
1084 1577 1149 1617 eon·

188 1633 301 1696 tendere
323 1634 454 1695 adversus
476 1636 663 1716 impendentes
684 1636 751 1696 vitae
770 1634 956 1709 calamitates,
975 1634 1027 1699 tust
1051 1636 1150 1698 firma·

189 1731 251 1776 tum
274 1712 377 1776 affidua
394 1716 608 1790 exercitatione,
625 1732 707 1797 atque
731 1713 890 1776 insttudium
906 1716 935 1774 in
952 1717 1032 1776 omni
1050 1735 1150 1798 genere

156 1818 158 1823 ⁴
192 1796 302 1858 virtutis
324 1796 501 1859 dt‘lcietttiae.
518 1794 560 1858 Ut
578 1796 671 1871 enim,
692 1798 796 1878 inquit,
813 1815 917 1876 equum
933 1796 1039 1858 tradere
1061 1796 1149 1858 solent

192 1876 342 1959 magistro,
358 1874 405 1961 qui
418 1878 518 1940 doceat
535 1897 706 1957 componere
723 1881 753 1940 bt
772 1877 878 1938 mollire
894 1877 1028 1959 gradum3
1043 1876 1081 1938 fic
1093 1879 1150 1959 lto·

164 2022 172 2047 3
193 1961 298 2020 mittem
309 1976 459 2039 ,tanquam
473 1961 500 2019 in
516 1978 619 2042 gyrum
628 1961 741 2020 rationis
755 1959 786 2021 δι
798 1956 927 2020 dodirinae
943 1959 1006 2020 duci
1019 1976 1149 2039 oportet,

192 2058 226 2101 ut
236 2039 320 2100 discat
337 2039 548 2103 versareretunt
559 2043 739 2103 humanarum
751 2041 858 2102 orbem.
872 2038 944 2099 Hinc
958 2039 1051 2100 titulus
1066 2037 1152 2101 Trio.

192 2121 252 2181 dite
265 2119 399 2197 trifolius,
415 2122 463 2183 vel
481 2121 606 2206 rpttdtri
624 2122 789 2207 aprutinae:
802 2140 868 2203 ‚quo
884 2119 1049 2204 significatur
1062 2122 1151 2182 horno

195 2199 325 2265 constans
335 2203 365 2263 δι
376 2205 527 2280 exercitus,
543 2206 591 2287 qui
607 2206 635 2264 in
646 2203 674 2264 se
693 2202 873 2266 firmillimum
890 2200 1044 2284 praesidium
1068 2203 1151 2264 habet

193 2283 326 2345 adversus
342 2284 414 2348 mala
429 2286 530 2361 animi,
544 2287 690 2366 corporis,
705 2286 737 2346 dt
750 2283 881 2356 fontanae,
899 2284 945 2345 vel
961 2286 1007 2366 qui
1029 2280 1069 2343 est
1087 2292 1173 2345 ver·'

194 2364 269 2428 satus
291 2366 319 2425 in
338 2365 434 2446 triplici
453 2385 555 2449 genere
571 2366 679 2426 virtutis
693 2366 725 2426 dt
739 2365 805 2427 vitae
814 2408 825 2437 ,
842 2364 951 2441 otioso,
969 2362 1098 2439 aiiuoio,
1120 2366 1160 2425 &¹

194 2467 230 2507 ex
246 2463 362 2526 utroque
378 2462 541 2527 temperato.
559 2445 725 2529 rptodruot,
742 2445 887 2521 constans,
903 2449 1022 2526 peritius:
1035 2447 1155 2511 cuicun-

70 2596 77 2615 ἱ
195 2530 310 2591 tracium
322 2526 504 2602 ἀποφώλιος,
520 2549 628 2602 vanus,
639 2531 672 2589 dt
683 2527 818 2588 indouus.

240 2608 396 2687 Priusquam
417 2612 446 2669 t'n
475 2609 610 2688 Orchestra
636 2611 717 2689 &c.]
750 2607 855 2668 Eadem
879 2604 1048 2668 stmilitudine
1073 2586 1154 2669 utitur

194 2686 348 2764 Horatius,
364 2707 394 2748 ut
405 2686 548 2761 ostendat,
563 2706 651 2752 artem
666 2691 714 2750 usu
726 2690 759 2751 dt
772 2689 966 2751 exercitatione
981 2684 1093 2769 perfici:

381 2772 589 2833 *velitri
607 2773 654 2852 qui
672 2772 778 2851 Pythia
794 2788 885 2831 cuntur

241 2852 364 2926 Tibicen,
383 2850 479 2913 didicit
493 2853 572 2933 prius
591 2854 762 2933 extimuitque
782 2852 936 2932 mugislrunt.

199 2932 248 2997 ubi
258 2931 408 2997 Tutnebus
418 2931 551 2995 exiliimat
564 2933 714 3015 Pythaules
729 2933 783 2995 diei
791 2934 924 3006 tibicines,
936 2932 983 3014 qui
992 2932 1114 2995 carmine
1125 2934 1156 2996 in

198 3014 340 3076 bonorem
360 3015 497 3094 Apollinis
518 3014 609 3098 Pythii
626 3015 818 3076 decantabant.
835 3011 936 3077 mium
956 3014 1030 3077 euim
1044 3034 1157 3077 carmen

199 3116 298 3179 paeana
311 3098 460 3160 vocabant.
476 3095 532 3161 Seu
550 3097 596 3157 alii
611 3096 670 3157 sunt
682 3096 818 3170 tibicines,
833 3096 880 3178 qul
896 3095 996 3176 Pythia
1010 3097 1157 3170 canebant,

199 3179 235 3240 ὃ(
259 3174 336 3257 juxta
351 3180 506 3259 analogiam
524 3178 677 3242 dicerentur
697 3176 876 3260 Pythiaules,
893 3177 937 3235 alii
953 3174 1090 3237 Pithaules
1104 3198 1155 3259 pet

199 3257 393 3338 1‚quornodo
410 3260 454 3318 ltic
470 3257 657 3334 scribendum,
668 3260 700 3322 ἃ
712 3259 784 3339 apud
797 3256 859 3320 Cic.
876 3255 923 3318 lib.
936 3279 955 3331 4
972 3256 1008 3317 ad
1022 3258 1159 3324 Atticum.
1204 3286 1211 3297 ¹

202 3343 258 3400 Sed
273 3359 376 3411 uereor,
395 3340 500 3420 inquit,
516 3362 548 3399 rte
561 3359 585 3398 te
600 3341 702 3399 diuum
716 3340 852 3420 leportsuo
869 3339 983 3398 detineat
998 3339 1083 3400 rhetor
1097 3340 1158 3400 Clo·

203 3421 284 3493 dius,
304 3417 332 3477 (r
350 3423 424 3480 tono
442 3421 622 3502 pereruditus,
638 3438 669 3480 ut
684 3419 786 3501 ejurat,
803 3421 831 3482 6·
847 3440 917 3480 nunc
934 3421 1034 3501 quidem
1047 3421 1160 3561 ssditus

204 3501 307 3561 Gratis
321 3500 421 3575 literis,
441 3523 474 3563 at
497 3502 647 3564 Pitlaulis.
665 3500 781 3579 Quibus
796 3521 899 3562 nomen
915 3502 1029 3562 inditum

203 3582 282 3664 quod
296 3582 430 3644 canebant
445 3581 522 3643 tibiis
540 3580 663 3662 impetiit
677 3584 706 3641 in
725 3582 822 3657 dolio,
838 3581 1051 3647 &foraminum
1067 3582 1159 3642 varie·
1219 3574 1229 3592 ’

205 3678 262 3723 tate
277 3661 416 3805 diffiniiis'
431 3684 487 3747 qua
504 3664 539 3725 de
559 3684 589 3725 re
607 3664 683 3744 plura
700 3684 730 3726 v.
748 3685 772 3726 c.
787 3662 901 3747 Joseph.
914 3660 1035 3746 Scaliger
1050 3663 1078 3723 in
1094 3662 1159 3723 AEt·

205 3764 272 3810 uam
318 3762 365 3827 trgi
375 3767 404 3805 tt.
1036 3770 1040 3779 ¹

31 3856 32 3873 t
247 3825 335 3893 Simul
350 3848 382 3891 et
397 3825 487 3913 diti]
507 3823 629 3890 Furtaffe
645 3824 812 3912 legendum,
826 3825 861 3890 Si
877 3820 981 3912 μύλαιξ
998 3822 1084 3893 tlur.
1103 3821 1159 3890 Di·

1101 3521 1250 3575 000⁸
