2834 4567
395 329 928 431 erasururn.
1051 332 1121 431 2&

213 492 386 587 Quocirca
406 510 544 590 oportet
559 492 688 564 bonum
703 489 816 565 civem
835 490 964 590 legibus
974 518 1123 590 rparere,

165 604 204 677 &
226 607 323 679 Deos
340 604 472 679 colere:
490 601 527 674 in
547 601 701 699 patellam
712 598 798 685 'dare
818 606 920 691 μικρὸν
938 606 1034 693 κρέας.
1047 611 1122 679 Νο-

167 721 260 801 nius,
282 720 418 789 Patella.

215 828 297 898 Non
311 825 524 914 maledicere,
537 823 674 921 pedem
664 849 700 896 m
715 822 830 897 socum
842 848 914 898 non
927 825 1124 923 imponere.

165 955 237 1005 non
259 932 481 1026 maledicere,
494 931 676 1009 sacrificari.
695 938 787 1009 Non.
799 938 1037 1029 Sacrificamur,
1056 966 1118 1033 pro
1205 934 1208 945 '

162 1041 249 1133 sacri
271 1067 357 1116 carre.

219 1156 260 1224 Et
273 1178 352 1225 curn
363 1176 521 1251 corrigias
535 1152 684 1251 drruptas
696 1170 806 1245 tenet
815 1122 945 1229 aridum
955 1155 1125 1253 reliquum
1192 1170 1195 1179 ’

106 1286 116 1299 ,
167 1260 286 1354 pedem
300 1260 422 1356 penula
436 1261 564 1338 scortea
580 1280 768 1383 protegere.
776 1269 865 1339 Non.
873 1268 1019 1356 Pertusa,
1033 1292 1122 1337 omne

167 1374 253 1461 quod
266 1373 351 1468 regit.
403 1426 406 1433 .

214 1478 361 1551 Dulcem
380 1505 498 1580 aquam
516 1478 611 1557 bibat
629 1479 815 1571 salubrem,
837 1482 875 1555 δι
897 1479 1008 1555 flebile
1033 1504 1126 1587 cepe.
1138 1498 1141 1505 ’

168 1589 255 1656 Non.
280 1593 366 1680 Cepe.

218 1696 292 1764 Nec
312 1694 474 1766 sumtibus
493 1693 623 1790 lepidus
643 1693 762 1765 statues
780 1691 950 1789 finemque
972 1697 1127 1769 modum·

170 1824 250 1899 que.
270 1805 357 1876 Non.
377 1806 542 1895 Luxuria,
569 1803 696 1898 mascul.
714 1828 786 1900 gen.

467 2000 819 2066 MARCIPOR.

640 2126 662 2164 «Ι»

221 2233 400 2333 Quidquid
422 2232 598 2308 evidenter
611 2231 849 2321 circumstant,
865 2255 946 2329 ⁸norr
968 2229 1105 2326 vident,

171 2342 285 2417 Credo
304 2346 412 2419 ridere
431 2344 583 2417 hiantesr
604 2344 710 2416 video
728 2342 882 2436 hiantes,
901 2368 973 2417 non
990 2343 1104 2417 audio.

131 2464 140 2495 ²
174 2456 265 2526 Non.
282 2457 405 2542 Hiare,
430 2458 468 2524 id
479 2456 520 2557 est
538 2456 661 2548 aperiri.

224 2563 314 2635 Hic
305 2589 340 2633 m
359 2562 510 2635 ambivio
529 2586 650 2633 navem
662 2555 918 2633 conscendimus
931 2556 1131 2653 palustrem,

172 2696 272 2766 quam
291 2669 417 2753 nautici
407 2668 614 2767 equisones
637 2693 696 2764 per
721 2665 813 2742 viam
835 2665 1016 2760 ducerent,
1037 2666 1131 2743 loco·

175 2784 262 2853 Non.
282 2782 431 2875 Equiso,
449 2808 510 2874 pro
531 2782 637 2873 equite.

56 2986 58 2993 y
85 2886 88 2895 ’
223 2893 374 2985 Repente
388 2889 497 2961 nodlis
513 2887 647 2960 circiter
668 2883 865 2973 meridiem,
943 2972 948 2981 ι

175 2996 267 3068 Cum
283 2999 388 3097 pidus
404 3024 462 3071 aer
479 2996 623 3070 fervidis
642 2994 709 3067 late
723 2994 878 3093 ignibuS,

174 3106 261 3179 Caeli
282 3104 419 3178 choreas
441 3106 571 3192 astricas
592 3103 807 3192 ostenderet,

174 3213 294 3284 Nubes
314 3212 444 3306 aquales
460 3211 584 3312 frigido
606 3211 686 3289 velo
705 3209 822 3295 leves,

176 3325 263 3396 Caeli
282 3348 443 3397 cavernas
459 3348 576 3396 aureas
597 3321 843 3403 subduxerant,

177 3434 308 3527 Aquam
335 3448 516 3502 vomentes
542 3426 682 3498 inseram
706 3420 930 3507 mortalibus,

180 3539 352 3636 Ventique
371 3537 495 3636 frigido
518 3536 550 3609 se
572 3536 615 3609 ab
636 3559 696 3606 axe
717 3550 897 3629 eruperant

177 3647 389 3737 Phrenetici,
411 3648 695 3744 septemtrionum
716 3641 798 3732 filii,

59 3796 61 3801 .
179 3758 299 3833 Secum
320 3754 465 3830 ferentes
485 3756 630 3856 tegulas,
650 3777 783 3845 ramos,
805 3751 899 3830 srros.
922 3836 924 3849 Ι
