<?xml version="1.0" encoding="UTF-8"?>
<!DOCTYPE html PUBLIC "-//W3C//DTD XHTML 1.0 Transitional//EN"
    "http://www.w3.org/TR/xhtml1/DTD/xhtml1-transitional.dtd">
<html xmlns="http://www.w3.org/1999/xhtml" xml:lang="en" lang="en">
 <head>
  <title>
</title>
<meta http-equiv="Content-Type" content="text/html;charset=utf-8" />
  <meta name='ocr-system' content='tesseract 3.04.00' />
  <meta name='ocr-capabilities' content='ocr_page ocr_carea ocr_par ocr_line ocrx_word'/>
</head>
<body>
  <div class='ocr_page' id='page_1' title='image "./mtervarronisdel00bipogoog/mtervarronisdel00bipogoog_0070.png"; bbox 0 0 2834 4567; ppageno 0'>
   <div class='ocr_carea' id='block_1_1' title="bbox 298 329 1052 411">
    <p class='ocr_par' dir='ltr' id='par_1_1' title="bbox 298 329 1052 411">
     <span class='ocr_line' id='line_1_1' title="bbox 298 329 1052 411; baseline -0.011 -1"><span class='ocrx_word' id='word_1_1' title='bbox 298 334 344 411; x_wconf 86' lang='lat'>26</span> <span class='ocrx_word' id='word_1_2' title='bbox 498 333 549 406; x_wconf 87' lang='lat' dir='ltr'>M.</span> <span class='ocrx_word' id='word_1_3' title='bbox 573 329 791 406; x_wconf 80' lang='lat' dir='ltr'>TERENTll</span> <span class='ocrx_word' id='word_1_4' title='bbox 815 329 1052 403; x_wconf 79' lang='lat' dir='ltr'>VARRONIS</span> 
     </span>
    </p>
   </div>
   <div class='ocr_carea' id='block_1_2' title="bbox 296 484 1390 806">
    <p class='ocr_par' dir='ltr' id='par_1_2' title="bbox 296 484 1390 806">
     <span class='ocr_line' id='line_1_2' title="bbox 296 484 1256 592; baseline -0.005 -26"><span class='ocrx_word' id='word_1_5' title='bbox 296 490 402 566; x_wconf 80' lang='lat' dir='ltr'>tando</span> <span class='ocrx_word' id='word_1_6' title='bbox 422 488 461 562; x_wconf 85' lang='lat' dir='ltr'>fit</span> <span class='ocrx_word' id='word_1_7' title='bbox 479 488 611 565; x_wconf 88' lang='lat' dir='ltr'>melior.</span> <span class='ocrx_word' id='word_1_8' title='bbox 632 490 765 588; x_wconf 81' lang='lat' dir='ltr'><strong>Legio,</strong></span> <span class='ocrx_word' id='word_1_9' title='bbox 788 490 883 587; x_wconf 88' lang='lat' dir='ltr'>quod</span> <span class='ocrx_word' id='word_1_10' title='bbox 900 484 1199 592; x_wconf 80' lang='lat' dir='ltr'>legunturmilites</span> <span class='ocrx_word' id='word_1_11' title='bbox 1219 487 1256 561; x_wconf 89' lang='lat' dir='ltr'>in</span> 
     </span>
     <span class='ocr_line' id='line_1_3' title="bbox 297 596 1254 697; baseline -0.003 -24"><span class='ocrx_word' id='word_1_12' title='bbox 297 600 438 675; x_wconf 66' lang='lat' dir='ltr'>delectu.</span> <span class='ocrx_word' id='word_1_13' title='bbox 458 600 617 688; x_wconf 85' lang='lat' dir='ltr'>Cohors,</span> <span class='ocrx_word' id='word_1_14' title='bbox 636 600 731 697; x_wconf 90' lang='lat' dir='ltr'>quod</span> <span class='ocrx_word' id='word_1_15' title='bbox 751 618 788 671; x_wconf 88' lang='lat' dir='ltr'>ut</span> <span class='ocrx_word' id='word_1_16' title='bbox 810 598 846 670; x_wconf 91' lang='lat' dir='ltr'>in</span> <span class='ocrx_word' id='word_1_17' title='bbox 866 597 948 670; x_wconf 80' lang='lat' dir='ltr'>villa</span> <span class='ocrx_word' id='word_1_18' title='bbox 969 596 1179 691; x_wconf 86' lang='lat' dir='ltr'>expluribus</span> <span class='ocrx_word' id='word_1_19' title='bbox 1202 617 1254 670; x_wconf 88' lang='lat' dir='ltr'>te·</span> 
     </span>
     <span class='ocr_line' id='line_1_4' title="bbox 297 697 1390 806; baseline -0.004 -23"><span class='ocrx_word' id='word_1_20' title='bbox 297 708 377 783; x_wconf 70' lang='lat' dir='ltr'>Eleis</span> <span class='ocrx_word' id='word_1_21' title='bbox 396 706 633 806; x_wconf 80' lang='lat' dir='ltr'>conjungitur,</span> <span class='ocrx_word' id='word_1_22' title='bbox 650 733 690 781; x_wconf 84' lang='lat' dir='ltr'>ac</span> <span class='ocrx_word' id='word_1_23' title='bbox 711 705 869 804; x_wconf 83' lang='lat' dir='ltr'>quiddam</span> <span class='ocrx_word' id='word_1_24' title='bbox 894 703 933 779; x_wconf 80' lang='lat' dir='ltr'>tir</span> <span class='ocrx_word' id='word_1_25' title='bbox 960 730 1087 791; x_wconf 89' lang='lat' dir='ltr'>unum;</span> <span class='ocrx_word' id='word_1_26' title='bbox 1108 704 1153 779; x_wconf 85' lang='lat' dir='ltr'>fic</span> <span class='ocrx_word' id='word_1_27' title='bbox 1178 707 1253 780; x_wconf 84' lang='lat' dir='ltr'>haec</span> <span class='ocrx_word' id='word_1_28' title='bbox 1385 697 1390 706; x_wconf 65' lang='grc'>’</span> 
     </span>
    </p>
   </div>
   <div class='ocr_carea' id='block_1_3' title="bbox 174 813 1346 3862">
    <p class='ocr_par' dir='ltr' id='par_1_3' title="bbox 296 813 1254 1025">
     <span class='ocr_line' id='line_1_5' title="bbox 297 813 1253 917; baseline -0.006 -26"><span class='ocrx_word' id='word_1_29' title='bbox 297 843 340 891; x_wconf 82' lang='lat' dir='ltr'>ex</span> <span class='ocrx_word' id='word_1_30' title='bbox 359 815 561 914; x_wconf 83' lang='lat' dir='ltr'>manipulcis</span> <span class='ocrx_word' id='word_1_31' title='bbox 579 816 760 913; x_wconf 83' lang='lat' dir='ltr'>copulatur</span> <span class='ocrx_word' id='word_1_32' title='bbox 782 816 927 888; x_wconf 82' lang='lat' dir='ltr'>cohors:</span> <span class='ocrx_word' id='word_1_33' title='bbox 947 840 1023 917; x_wconf 84' lang='lat' dir='ltr'>quae</span> <span class='ocrx_word' id='word_1_34' title='bbox 1043 813 1080 886; x_wconf 86' lang='lat' dir='ltr'>in</span> <span class='ocrx_word' id='word_1_35' title='bbox 1102 814 1182 886; x_wconf 81' lang='lat' dir='ltr'>villa</span> <span class='ocrx_word' id='word_1_36' title='bbox 1199 813 1253 886; x_wconf 87' lang='lat' dir='ltr'>‹ti-</span> 
     </span>
     <span class='ocr_line' id='line_1_6' title="bbox 296 924 1254 1025; baseline -0.004 -24"><span class='ocrx_word' id='word_1_37' title='bbox 296 930 365 1017; x_wconf 77' lang='lat' dir='ltr'>cta,</span> <span class='ocrx_word' id='word_1_38' title='bbox 385 926 583 1025; x_wconf 83' lang='lat' dir='ltr'>quodcirca</span> <span class='ocrx_word' id='word_1_39' title='bbox 601 950 678 1000; x_wconf 88' lang='lat' dir='ltr'>eum</span> <span class='ocrx_word' id='word_1_40' title='bbox 695 927 810 999; x_wconf 88' lang='lat' dir='ltr'>locum</span> <span class='ocrx_word' id='word_1_41' title='bbox 826 949 929 1022; x_wconf 86' lang='lat' dir='ltr'>pecus</span> <span class='ocrx_word' id='word_1_42' title='bbox 949 941 1172 997; x_wconf 81' lang='lat' dir='ltr'>coerceretur.</span> <span class='ocrx_word' id='word_1_43' title='bbox 1186 924 1254 997; x_wconf 80' lang='lat' dir='ltr'>Ta·</span> 
     </span>
    </p>

    <p class='ocr_par' dir='ltr' id='par_1_4' title="bbox 192 1034 1310 1794">
     <span class='ocr_line' id='line_1_7' title="bbox 192 1034 1254 1112; baseline -0.005 1"><span class='ocrx_word' id='word_1_44' title='bbox 192 1039 196 1050; x_wconf 85' lang='lat'>&#39;</span> <span class='ocrx_word' id='word_1_45' title='bbox 296 1036 390 1112; x_wconf 84' lang='lat' dir='ltr'>metsr</span> <span class='ocrx_word' id='word_1_46' title='bbox 412 1040 591 1111; x_wconf 92' lang='lat' dir='ltr'>cohortem</span> <span class='ocrx_word' id='word_1_47' title='bbox 610 1037 646 1110; x_wconf 88' lang='lat' dir='ltr'>in</span> <span class='ocrx_word' id='word_1_48' title='bbox 672 1037 753 1109; x_wconf 83' lang='lat' dir='ltr'>villa</span> <span class='ocrx_word' id='word_1_49' title='bbox 781 1037 925 1110; x_wconf 84' lang='lat' dir='ltr'>lfictates</span> <span class='ocrx_word' id='word_1_50' title='bbox 943 1034 1025 1108; x_wconf 90' lang='lat' dir='ltr'>dicit</span> <span class='ocrx_word' id='word_1_51' title='bbox 1046 1034 1110 1107; x_wconf 85' lang='lat' dir='ltr'>effe</span> <span class='ocrx_word' id='word_1_52' title='bbox 1131 1035 1254 1108; x_wconf 84' lang='lat' dir='ltr'>Graece</span> 
     </span>
     <span class='ocr_line' id='line_1_8' title="bbox 296 1143 1253 1241; baseline -0.001 -25"><span class='ocrx_word' id='word_1_53' title='bbox 296 1154 411 1237; x_wconf 65' lang='lat' dir='ltr'>colpum</span> <span class='ocrx_word' id='word_1_54' title='bbox 424 1146 511 1240; x_wconf 84' lang='lat' dir='ltr'>apud</span> <span class='ocrx_word' id='word_1_55' title='bbox 525 1165 642 1241; x_wconf 88' lang='lat' dir='ltr'>poetas</span> <span class='ocrx_word' id='word_1_56' title='bbox 654 1143 786 1218; x_wconf 71' lang='lat' dir='ltr'>didam.</span> <span class='ocrx_word' id='word_1_57' title='bbox 799 1143 1174 1241; x_wconf 80' lang='lat' dir='ltr'>Manipulosexercitus</span> <span class='ocrx_word' id='word_1_58' title='bbox 1192 1144 1253 1215; x_wconf 92' lang='lat' dir='ltr'>mi·</span> 
     </span>
     <span class='ocr_line' id='line_1_9' title="bbox 297 1246 1253 1351; baseline 0.002 -33"><span class='ocrx_word' id='word_1_59' title='bbox 297 1246 401 1321; x_wconf 81' lang='lat' dir='ltr'>ninas</span> <span class='ocrx_word' id='word_1_60' title='bbox 413 1274 552 1340; x_wconf 85' lang='lat' dir='ltr'>manus,</span> <span class='ocrx_word' id='word_1_61' title='bbox 564 1275 639 1348; x_wconf 74' lang='lat' dir='ltr'>qum</span> <span class='ocrx_word' id='word_1_62' title='bbox 658 1276 765 1323; x_wconf 90' lang='lat' dir='ltr'>unum</span> <span class='ocrx_word' id='word_1_63' title='bbox 779 1250 963 1351; x_wconf 83' lang='lat' dir='ltr'>sequuntur</span> <span class='ocrx_word' id='word_1_64' title='bbox 972 1249 1110 1348; x_wconf 85' lang='lat' dir='ltr'>lignum.</span> <span class='ocrx_word' id='word_1_65' title='bbox 1122 1252 1253 1338; x_wconf 79' lang='lat' dir='ltr'>Centu-</span> 
     </span>
     <span class='ocr_line' id='line_1_10' title="bbox 295 1346 1254 1456; baseline 0 -27"><span class='ocrx_word' id='word_1_66' title='bbox 295 1357 372 1446; x_wconf 64' lang='grc' dir='ltr'>τίω,</span> <span class='ocrx_word' id='word_1_67' title='bbox 386 1383 462 1456; x_wconf 88' lang='lat' dir='ltr'>quae</span> <span class='ocrx_word' id='word_1_68' title='bbox 484 1359 629 1433; x_wconf 81' lang='lat' dir='ltr'>subuno</span> <span class='ocrx_word' id='word_1_69' title='bbox 642 1346 961 1433; x_wconf 74' lang='lat' dir='ltr'>Centurionestint:</span> <span class='ocrx_word' id='word_1_70' title='bbox 974 1378 1254 1456; x_wconf 85' lang='lat' dir='ltr'>quorumcenre·</span> 
     </span>
     <span class='ocr_line' id='line_1_11' title="bbox 296 1464 1253 1566; baseline -0.001 -28"><span class='ocrx_word' id='word_1_71' title='bbox 296 1466 408 1540; x_wconf 83' lang='lat' dir='ltr'>narius</span> <span class='ocrx_word' id='word_1_72' title='bbox 420 1466 522 1562; x_wconf 84' lang='lat' dir='ltr'>justus</span> <span class='ocrx_word' id='word_1_73' title='bbox 538 1493 713 1542; x_wconf 86' lang='lat' dir='ltr'>numerus.</span> <span class='ocrx_word' id='word_1_74' title='bbox 727 1467 874 1557; x_wconf 85' lang='lat' dir='ltr'>Milites,</span> <span class='ocrx_word' id='word_1_75' title='bbox 887 1467 983 1566; x_wconf 89' lang='lat' dir='ltr'>quod</span> <span class='ocrx_word' id='word_1_76' title='bbox 995 1466 1096 1539; x_wconf 86' lang='lat' dir='ltr'>trium</span> <span class='ocrx_word' id='word_1_77' title='bbox 1112 1464 1253 1537; x_wconf 89' lang='lat' dir='ltr'>millium</span> 
     </span>
     <span class='ocr_line' id='line_1_12' title="bbox 295 1572 1254 1677; baseline -0.004 -28"><span class='ocrx_word' id='word_1_78' title='bbox 295 1576 407 1671; x_wconf 87' lang='lat' dir='ltr'>primo</span> <span class='ocrx_word' id='word_1_79' title='bbox 424 1577 514 1677; x_wconf 83' lang='lat' dir='ltr'>legio</span> <span class='ocrx_word' id='word_1_80' title='bbox 535 1576 636 1652; x_wconf 84' lang='lat' dir='ltr'>fiebat</span> <span class='ocrx_word' id='word_1_81' title='bbox 647 1633 658 1669; x_wconf 94' lang='lat'>,</span> <span class='ocrx_word' id='word_1_82' title='bbox 671 1603 711 1654; x_wconf 83' lang='lat' dir='ltr'>ac</span> <span class='ocrx_word' id='word_1_83' title='bbox 725 1578 861 1676; x_wconf 75' lang='lat' dir='ltr'>singulte</span> <span class='ocrx_word' id='word_1_84' title='bbox 885 1572 1254 1665; x_wconf 79' lang='lat' dir='ltr'>tribus,Tatiens1um,</span> 
     </span>
     <span class='ocr_line' id='line_1_13' title="bbox 295 1683 1310 1794; baseline 0 -37"><span class='ocrx_word' id='word_1_85' title='bbox 295 1684 501 1778; x_wconf 87' lang='lat' dir='ltr'>Ramnium,</span> <span class='ocrx_word' id='word_1_86' title='bbox 524 1692 712 1779; x_wconf 85' lang='lat' dir='ltr'>Lucerum,</span> <span class='ocrx_word' id='word_1_87' title='bbox 731 1685 842 1761; x_wconf 80' lang='lat' dir='ltr'>millia.</span> <span class='ocrx_word' id='word_1_88' title='bbox 855 1686 984 1786; x_wconf 78' lang='lat' dir='ltr'>lingula</span> <span class='ocrx_word' id='word_1_89' title='bbox 1008 1683 1152 1790; x_wconf 82' lang='lat' dir='ltr'>militum</span> <span class='ocrx_word' id='word_1_90' title='bbox 1172 1684 1252 1757; x_wconf 88' lang='lat' dir='ltr'>mit·</span> <span class='ocrx_word' id='word_1_91' title='bbox 1296 1737 1310 1794; x_wconf 43' lang='grc' dir='ltr'>ἱ</span> 
     </span>
    </p>

    <p class='ocr_par' dir='ltr' id='par_1_5' title="bbox 195 1793 1344 2435">
     <span class='ocr_line' id='line_1_14' title="bbox 195 1793 1252 1895; baseline 0.001 -30"><span class='ocrx_word' id='word_1_92' title='bbox 195 1833 197 1842; x_wconf 69' lang='lat'>,</span> <span class='ocrx_word' id='word_1_93' title='bbox 219 1820 225 1833; x_wconf 93' lang='lat'><strong>·</strong></span> <span class='ocrx_word' id='word_1_94' title='bbox 293 1793 420 1876; x_wconf 85' lang='lat' dir='ltr'>tebant.</span> <span class='ocrx_word' id='word_1_95' title='bbox 440 1794 566 1870; x_wconf 82' lang='lat' dir='ltr'>Hastati</span> <span class='ocrx_word' id='word_1_96' title='bbox 586 1797 686 1885; x_wconf 73' lang='lat' dir='ltr'>dicti,</span> <span class='ocrx_word' id='word_1_97' title='bbox 708 1797 767 1895; x_wconf 90' lang='lat' dir='ltr'>qui</span> <span class='ocrx_word' id='word_1_98' title='bbox 782 1797 880 1892; x_wconf 87' lang='lat' dir='ltr'>primi</span> <span class='ocrx_word' id='word_1_99' title='bbox 895 1796 1015 1870; x_wconf 83' lang='lat' dir='ltr'>halleis</span> <span class='ocrx_word' id='word_1_100' title='bbox 1039 1794 1252 1892; x_wconf 81' lang='lat' dir='ltr'>pugnabant3</span> 
     </span>
     <span class='ocr_line' id='line_1_15' title="bbox 292 1903 1253 2004; baseline 0.002 -28"><span class='ocrx_word' id='word_1_101' title='bbox 292 1903 419 1992; x_wconf 86' lang='lat' dir='ltr'>Pilani,</span> <span class='ocrx_word' id='word_1_102' title='bbox 436 1906 497 2004; x_wconf 90' lang='lat' dir='ltr'>qui</span> <span class='ocrx_word' id='word_1_103' title='bbox 518 1907 635 2004; x_wconf 70' lang='lat' dir='ltr'>pileis,</span> <span class='ocrx_word' id='word_1_104' title='bbox 654 1907 842 2003; x_wconf 82' lang='lat' dir='ltr'>Principes,</span> <span class='ocrx_word' id='word_1_105' title='bbox 863 1907 922 2003; x_wconf 91' lang='lat' dir='ltr'>qui</span> <span class='ocrx_word' id='word_1_106' title='bbox 946 1931 966 1978; x_wconf 82' lang='lat' dir='ltr'>a</span> <span class='ocrx_word' id='word_1_107' title='bbox 988 1907 1159 2002; x_wconf 86' lang='lat' dir='ltr'>principio</span> <span class='ocrx_word' id='word_1_108' title='bbox 1180 1906 1253 2002; x_wconf 83' lang='lat' dir='ltr'>gla-</span> 
     </span>
     <span class='ocr_line' id='line_1_16' title="bbox 294 2014 1254 2113; baseline 0.002 -25"><span class='ocrx_word' id='word_1_109' title='bbox 294 2014 379 2106; x_wconf 84' lang='lat' dir='ltr'>diis,</span> <span class='ocrx_word' id='word_1_110' title='bbox 396 2018 436 2092; x_wconf 89' lang='lat'>&amp;</span> <span class='ocrx_word' id='word_1_111' title='bbox 455 2018 531 2113; x_wconf 83' lang='lat' dir='ltr'>post</span> <span class='ocrx_word' id='word_1_112' title='bbox 553 2035 760 2092; x_wconf 81' lang='lat' dir='ltr'>commutata</span> <span class='ocrx_word' id='word_1_113' title='bbox 775 2041 811 2089; x_wconf 86' lang='lat' dir='ltr'>re</span> <span class='ocrx_word' id='word_1_114' title='bbox 829 2015 964 2088; x_wconf 84' lang='lat' dir='ltr'>militari</span> <span class='ocrx_word' id='word_1_115' title='bbox 983 2014 1093 2088; x_wconf 81' lang='lat' dir='ltr'>minus</span> <span class='ocrx_word' id='word_1_116' title='bbox 1112 2017 1254 2090; x_wconf 84' lang='lat' dir='ltr'>illustres</span> 
     </span>
     <span class='ocr_line' id='line_1_17' title="bbox 294 2122 1253 2222; baseline 0.004 -28"><span class='ocrx_word' id='word_1_117' title='bbox 294 2122 479 2204; x_wconf 84' lang='lat' dir='ltr'>sumuntur.</span> <span class='ocrx_word' id='word_1_118' title='bbox 508 2123 635 2213; x_wconf 84' lang='lat' dir='ltr'>Pilani,</span> <span class='ocrx_word' id='word_1_119' title='bbox 658 2125 785 2198; x_wconf 87' lang='lat' dir='ltr'>Triarii</span> <span class='ocrx_word' id='word_1_120' title='bbox 808 2147 948 2222; x_wconf 87' lang='lat' dir='ltr'>quoque</span> <span class='ocrx_word' id='word_1_121' title='bbox 973 2124 1075 2214; x_wconf 77' lang='lat' dir='ltr'>dicti,</span> <span class='ocrx_word' id='word_1_122' title='bbox 1095 2127 1190 2221; x_wconf 90' lang='lat' dir='ltr'>quod</span> <span class='ocrx_word' id='word_1_123' title='bbox 1215 2127 1253 2199; x_wconf 89' lang='lat' dir='ltr'>in</span> 
     </span>
     <span class='ocr_line' id='line_1_18' title="bbox 294 2223 1344 2332; baseline 0.002 -26"><span class='ocrx_word' id='word_1_124' title='bbox 294 2233 366 2308; x_wconf 83' lang='lat' dir='ltr'>acie</span> <span class='ocrx_word' id='word_1_125' title='bbox 390 2233 493 2309; x_wconf 89' lang='lat' dir='ltr'>tertio</span> <span class='ocrx_word' id='word_1_126' title='bbox 516 2234 638 2307; x_wconf 88' lang='lat' dir='ltr'>ordine</span> <span class='ocrx_word' id='word_1_127' title='bbox 662 2235 841 2309; x_wconf 86' lang='lat' dir='ltr'>extremeis</span> <span class='ocrx_word' id='word_1_128' title='bbox 868 2234 1012 2309; x_wconf 77' lang='lat' dir='ltr'>subsidio</span> <span class='ocrx_word' id='word_1_129' title='bbox 1035 2223 1253 2332; x_wconf 82' lang='lat' dir='ltr'>deponeben·</span> <span class='ocrx_word' id='word_1_130' title='bbox 1336 2253 1344 2270; x_wconf 69' lang='lat'><em>³</em></span> 
     </span>
     <span class='ocr_line' id='line_1_19' title="bbox 294 2343 1254 2435; baseline 0.004 -20"><span class='ocrx_word' id='word_1_131' title='bbox 294 2361 360 2415; x_wconf 86' lang='lat' dir='ltr'>tur.</span> <span class='ocrx_word' id='word_1_132' title='bbox 375 2344 484 2434; x_wconf 86' lang='lat' dir='ltr'>Quod</span> <span class='ocrx_word' id='word_1_133' title='bbox 500 2344 535 2417; x_wconf 91' lang='lat' dir='ltr'>hi</span> <span class='ocrx_word' id='word_1_134' title='bbox 558 2343 764 2419; x_wconf 84' lang='lat' dir='ltr'>subfidebanr</span> <span class='ocrx_word' id='word_1_135' title='bbox 776 2395 788 2435; x_wconf 87' lang='lat'><strong><em>‚</em></strong></span> <span class='ocrx_word' id='word_1_136' title='bbox 800 2345 844 2419; x_wconf 82' lang='lat' dir='ltr'>ab</span> <span class='ocrx_word' id='word_1_137' title='bbox 858 2370 901 2420; x_wconf 88' lang='lat' dir='ltr'>eo</span> <span class='ocrx_word' id='word_1_138' title='bbox 918 2344 1104 2420; x_wconf 84' lang='lat' dir='ltr'>Subfidium</span> <span class='ocrx_word' id='word_1_139' title='bbox 1117 2344 1254 2419; x_wconf 67' lang='lat' dir='ltr'>dictum.</span> 
     </span>
    </p>

    <p class='ocr_par' dir='ltr' id='par_1_6' title="bbox 290 2455 1346 2995">
     <span class='ocr_line' id='line_1_20' title="bbox 291 2455 1253 2555; baseline 0.004 -28"><span class='ocrx_word' id='word_1_140' title='bbox 291 2478 313 2527; x_wconf 88' lang='lat' dir='ltr'>a</span> <span class='ocrx_word' id='word_1_141' title='bbox 330 2479 403 2552; x_wconf 91' lang='lat' dir='ltr'>quo</span> <span class='ocrx_word' id='word_1_142' title='bbox 417 2455 575 2547; x_wconf 81' lang='lat' dir='ltr'>Plautus,</span> <span class='ocrx_word' id='word_1_143' title='bbox 587 2458 690 2555; x_wconf 81' lang='lat' dir='ltr'>Agite</span> <span class='ocrx_word' id='word_1_144' title='bbox 707 2483 822 2548; x_wconf 88' lang='lat' dir='ltr'>nunc,</span> <span class='ocrx_word' id='word_1_145' title='bbox 835 2457 991 2531; x_wconf 86' lang='lat' dir='ltr'>sublidite</span> <span class='ocrx_word' id='word_1_146' title='bbox 1006 2482 1148 2546; x_wconf 88' lang='lat' dir='ltr'>omnes,</span> <span class='ocrx_word' id='word_1_147' title='bbox 1162 2458 1253 2555; x_wconf 81' lang='lat' dir='ltr'>quati</span> 
     </span>
     <span class='ocr_line' id='line_1_21' title="bbox 291 2561 1251 2663; baseline 0.006 -27"><span class='ocrx_word' id='word_1_148' title='bbox 291 2561 405 2636; x_wconf 85' lang='lat' dir='ltr'>solent</span> <span class='ocrx_word' id='word_1_149' title='bbox 424 2563 541 2638; x_wconf 83' lang='lat' dir='ltr'>triarii.</span> <span class='ocrx_word' id='word_1_150' title='bbox 562 2564 735 2640; x_wconf 83' lang='lat' dir='ltr'>Aurrilium</span> <span class='ocrx_word' id='word_1_151' title='bbox 755 2566 942 2663; x_wconf 82' lang='lat' dir='ltr'>appellatur</span> <span class='ocrx_word' id='word_1_152' title='bbox 963 2567 1005 2639; x_wconf 85' lang='lat' dir='ltr'>ab</span> <span class='ocrx_word' id='word_1_153' title='bbox 1031 2569 1150 2652; x_wconf 75' lang='lat' dir='ltr'>auctu,</span> <span class='ocrx_word' id='word_1_154' title='bbox 1173 2593 1251 2642; x_wconf 90' lang='lat' dir='ltr'>cum</span> 
     </span>
     <span class='ocr_line' id='line_1_22' title="bbox 290 2668 1251 2772; baseline 0.008 -32"><span class='ocrx_word' id='word_1_155' title='bbox 290 2668 509 2758; x_wconf 75' lang='lat' dir='ltr'>accesserant,</span> <span class='ocrx_word' id='word_1_156' title='bbox 521 2673 581 2768; x_wconf 89' lang='lat' dir='ltr'>qui</span> <span class='ocrx_word' id='word_1_157' title='bbox 598 2671 794 2766; x_wconf 87' lang='lat' dir='ltr'>adjumento</span> <span class='ocrx_word' id='word_1_158' title='bbox 812 2673 932 2763; x_wconf 78' lang='lat' dir='ltr'>edent,</span> <span class='ocrx_word' id='word_1_159' title='bbox 942 2673 1149 2772; x_wconf 66' lang='lat' dir='ltr'>alienigene.</span> <span class='ocrx_word' id='word_1_160' title='bbox 1161 2678 1251 2748; x_wconf 76' lang='lat' dir='ltr'>Prae·</span> 
     </span>
     <span class='ocr_line' id='line_1_23' title="bbox 292 2779 1252 2882; baseline 0.005 -29"><span class='ocrx_word' id='word_1_161' title='bbox 292 2779 411 2853; x_wconf 82' lang='lat' dir='ltr'>sidium</span> <span class='ocrx_word' id='word_1_162' title='bbox 426 2781 474 2854; x_wconf 86' lang='lat' dir='ltr'>est</span> <span class='ocrx_word' id='word_1_163' title='bbox 486 2782 631 2871; x_wconf 69' lang='lat' dir='ltr'>dictum,</span> <span class='ocrx_word' id='word_1_164' title='bbox 644 2784 723 2882; x_wconf 83' lang='lat' dir='ltr'>quia</span> <span class='ocrx_word' id='word_1_165' title='bbox 738 2803 832 2860; x_wconf 82' lang='lat' dir='ltr'>extra</span> <span class='ocrx_word' id='word_1_166' title='bbox 851 2784 953 2859; x_wconf 79' lang='lat' dir='ltr'>castra</span> <span class='ocrx_word' id='word_1_167' title='bbox 976 2785 1193 2882; x_wconf 63' lang='lat' dir='ltr'>praesidebant</span> <span class='ocrx_word' id='word_1_168' title='bbox 1214 2786 1252 2858; x_wconf 91' lang='lat' dir='ltr'>in</span> 
     </span>
     <span class='ocr_line' id='line_1_24' title="bbox 290 2891 1346 2995; baseline 0.007 -31"><span class='ocrx_word' id='word_1_169' title='bbox 290 2891 374 2965; x_wconf 93' lang='lat' dir='ltr'>loco</span> <span class='ocrx_word' id='word_1_170' title='bbox 394 2891 527 2990; x_wconf 85' lang='lat' dir='ltr'>aliquo,</span> <span class='ocrx_word' id='word_1_171' title='bbox 545 2916 618 2991; x_wconf 91' lang='lat' dir='ltr'>quo</span> <span class='ocrx_word' id='word_1_172' title='bbox 642 2896 752 2968; x_wconf 90' lang='lat' dir='ltr'>tutior</span> <span class='ocrx_word' id='word_1_173' title='bbox 772 2897 869 2995; x_wconf 85' lang='lat' dir='ltr'>regio</span> <span class='ocrx_word' id='word_1_174' title='bbox 889 2894 978 2970; x_wconf 81' lang='lat' dir='ltr'>effer.</span> <span class='ocrx_word' id='word_1_175' title='bbox 998 2896 1176 2968; x_wconf 79' lang='lat' dir='ltr'>Obsidium</span> <span class='ocrx_word' id='word_1_176' title='bbox 1197 2895 1251 2970; x_wconf 91' lang='lat' dir='ltr'>di·</span> <span class='ocrx_word' id='word_1_177' title='bbox 1292 2979 1293 2986; x_wconf 7' lang='grc' dir='ltr'>ἵ</span> <span class='ocrx_word' id='word_1_178' title='bbox 1338 2969 1346 2984; x_wconf 75' lang='grc'>,</span> 
     </span>
    </p>

    <p class='ocr_par' dir='ltr' id='par_1_7' title="bbox 174 2999 1252 3642">
     <span class='ocr_line' id='line_1_25' title="bbox 174 2999 1252 3104; baseline 0.004 -33"><span class='ocrx_word' id='word_1_179' title='bbox 174 3093 177 3104; x_wconf 31' lang='grc' dir='ltr'>Ι</span> <span class='ocrx_word' id='word_1_180' title='bbox 289 2999 379 3072; x_wconf 70' lang='lat' dir='ltr'>llum</span> <span class='ocrx_word' id='word_1_181' title='bbox 399 3001 442 3073; x_wconf 84' lang='lat' dir='ltr'>ab</span> <span class='ocrx_word' id='word_1_182' title='bbox 461 3000 667 3091; x_wconf 81' lang='lat' dir='ltr'>oblidendo,</span> <span class='ocrx_word' id='word_1_183' title='bbox 686 3027 759 3099; x_wconf 89' lang='lat' dir='ltr'>quo</span> <span class='ocrx_word' id='word_1_184' title='bbox 778 3007 890 3079; x_wconf 88' lang='lat' dir='ltr'>minus</span> <span class='ocrx_word' id='word_1_185' title='bbox 912 3004 1018 3077; x_wconf 83' lang='lat' dir='ltr'>hostis</span> <span class='ocrx_word' id='word_1_186' title='bbox 1038 3003 1151 3102; x_wconf 83' lang='lat' dir='ltr'>egredi</span> <span class='ocrx_word' id='word_1_187' title='bbox 1171 3002 1252 3100; x_wconf 83' lang='lat' dir='ltr'>pos·</span> 
     </span>
     <span class='ocr_line' id='line_1_26' title="bbox 290 3108 1250 3202; baseline 0.001 -18"><span class='ocrx_word' id='word_1_188' title='bbox 290 3108 339 3184; x_wconf 86' lang='lat' dir='ltr'>set</span> <span class='ocrx_word' id='word_1_189' title='bbox 355 3109 443 3183; x_wconf 88' lang='lat' dir='ltr'>inde.</span> <span class='ocrx_word' id='word_1_190' title='bbox 454 3109 535 3183; x_wconf 88' lang='lat' dir='ltr'>item</span> <span class='ocrx_word' id='word_1_191' title='bbox 550 3112 593 3183; x_wconf 85' lang='lat' dir='ltr'>ab</span> <span class='ocrx_word' id='word_1_192' title='bbox 608 3111 811 3185; x_wconf 85' lang='lat' dir='ltr'>abscidendo</span> <span class='ocrx_word' id='word_1_193' title='bbox 822 3139 833 3200; x_wconf 88' lang='lat'>;</span> <span class='ocrx_word' id='word_1_194' title='bbox 844 3137 926 3188; x_wconf 83' lang='lat' dir='ltr'>cum</span> <span class='ocrx_word' id='word_1_195' title='bbox 947 3111 983 3184; x_wconf 92' lang='lat' dir='ltr'>id</span> <span class='ocrx_word' id='word_1_196' title='bbox 996 3113 1074 3186; x_wconf 88' lang='lat' dir='ltr'>ideo</span> <span class='ocrx_word' id='word_1_197' title='bbox 1087 3111 1250 3202; x_wconf 81' lang='lat' dir='ltr'>facerent,</span> 
     </span>
     <span class='ocr_line' id='line_1_27' title="bbox 290 3218 1250 3320; baseline 0.005 -29"><span class='ocrx_word' id='word_1_198' title='bbox 290 3244 363 3316; x_wconf 88' lang='lat' dir='ltr'>quo</span> <span class='ocrx_word' id='word_1_199' title='bbox 381 3218 514 3295; x_wconf 78' lang='lat' dir='ltr'>facilius</span> <span class='ocrx_word' id='word_1_200' title='bbox 532 3220 759 3295; x_wconf 83' lang='lat' dir='ltr'>diminuerent</span> <span class='ocrx_word' id='word_1_201' title='bbox 781 3222 917 3299; x_wconf 84' lang='lat' dir='ltr'>holleis.</span> <span class='ocrx_word' id='word_1_202' title='bbox 937 3223 1126 3320; x_wconf 82' lang='lat' dir='ltr'>Duplicarii</span> <span class='ocrx_word' id='word_1_203' title='bbox 1146 3222 1250 3313; x_wconf 69' lang='lat' dir='ltr'>dieti,</span> 
     </span>
     <span class='ocr_line' id='line_1_28' title="bbox 289 3328 1252 3428; baseline 0.006 -31"><span class='ocrx_word' id='word_1_204' title='bbox 289 3328 414 3424; x_wconf 90' lang='lat' dir='ltr'>quibus</span> <span class='ocrx_word' id='word_1_205' title='bbox 438 3331 486 3402; x_wconf 93' lang='lat' dir='ltr'>ob</span> <span class='ocrx_word' id='word_1_206' title='bbox 506 3329 669 3404; x_wconf 80' lang='lat' dir='ltr'>virtutem</span> <span class='ocrx_word' id='word_1_207' title='bbox 698 3329 845 3428; x_wconf 84' lang='lat' dir='ltr'>duplicia</span> <span class='ocrx_word' id='word_1_208' title='bbox 867 3332 990 3406; x_wconf 84' lang='lat' dir='ltr'>cibaria</span> <span class='ocrx_word' id='word_1_209' title='bbox 1009 3351 1047 3406; x_wconf 89' lang='lat' dir='ltr'>ut</span> <span class='ocrx_word' id='word_1_210' title='bbox 1073 3333 1252 3421; x_wconf 83' lang='lat' dir='ltr'>darentur,</span> 
     </span>
     <span class='ocr_line' id='line_1_29' title="bbox 282 3432 1250 3537; baseline 0.008 -31"><span class='ocrx_word' id='word_1_211' title='bbox 282 3432 490 3512; x_wconf 84' lang='lat' dir='ltr'>institutum.</span> <span class='ocrx_word' id='word_1_212' title='bbox 511 3439 639 3513; x_wconf 79' lang='lat' dir='ltr'>Turma</span> <span class='ocrx_word' id='word_1_213' title='bbox 656 3458 761 3514; x_wconf 81' lang='lat' dir='ltr'>terma</span> <span class='ocrx_word' id='word_1_214' title='bbox 782 3440 851 3529; x_wconf 78' lang='lat' dir='ltr'>ell3</span> <span class='ocrx_word' id='word_1_215' title='bbox 874 3445 900 3515; x_wconf 88' lang='grc' dir='ltr'>Ε</span> <span class='ocrx_word' id='word_1_216' title='bbox 923 3440 958 3514; x_wconf 90' lang='lat' dir='ltr'>in</span> <span class='ocrx_word' id='word_1_217' title='bbox 979 3447 1012 3517; x_wconf 94' lang='lat' dir='ltr'>U</span> <span class='ocrx_word' id='word_1_218' title='bbox 1035 3439 1133 3513; x_wconf 85' lang='lat' dir='ltr'>abiitr</span> <span class='ocrx_word' id='word_1_219' title='bbox 1152 3441 1250 3537; x_wconf 90' lang='lat' dir='ltr'>quod</span> 
     </span>
     <span class='ocr_line' id='line_1_30' title="bbox 290 3543 1249 3642; baseline 0.007 -26"><span class='ocrx_word' id='word_1_220' title='bbox 290 3543 423 3617; x_wconf 86' lang='lat' dir='ltr'>terdeni</span> <span class='ocrx_word' id='word_1_221' title='bbox 440 3545 568 3642; x_wconf 85' lang='lat' dir='ltr'>equites</span> <span class='ocrx_word' id='word_1_222' title='bbox 584 3570 628 3622; x_wconf 87' lang='lat' dir='ltr'>err</span> <span class='ocrx_word' id='word_1_223' title='bbox 639 3549 747 3624; x_wconf 82' lang='lat' dir='ltr'>tribus</span> <span class='ocrx_word' id='word_1_224' title='bbox 756 3549 929 3640; x_wconf 88' lang='lat' dir='ltr'>tribubus,</span> <span class='ocrx_word' id='word_1_225' title='bbox 944 3547 1166 3638; x_wconf 73' lang='lat' dir='ltr'>Tutienfium,</span> <span class='ocrx_word' id='word_1_226' title='bbox 1180 3550 1249 3623; x_wconf 87' lang='lat' dir='ltr'>Ra·</span> 
     </span>
    </p>

    <p class='ocr_par' dir='ltr' id='par_1_8' title="bbox 232 3649 1247 3862">
     <span class='ocr_line' id='line_1_31' title="bbox 232 3649 1247 3764; baseline 0.006 -41"><span class='ocrx_word' id='word_1_227' title='bbox 232 3742 240 3764; x_wconf 26' lang='grc' dir='ltr'>ι</span> <span class='ocrx_word' id='word_1_228' title='bbox 287 3649 438 3742; x_wconf 88' lang='lat' dir='ltr'>mnium,</span> <span class='ocrx_word' id='word_1_229' title='bbox 458 3657 496 3729; x_wconf 74' lang='grc' dir='ltr'>δι</span> <span class='ocrx_word' id='word_1_230' title='bbox 516 3656 704 3744; x_wconf 83' lang='lat' dir='ltr'>Lucerum,</span> <span class='ocrx_word' id='word_1_231' title='bbox 722 3654 855 3732; x_wconf 81' lang='lat' dir='ltr'>fiebant.</span> <span class='ocrx_word' id='word_1_232' title='bbox 873 3662 989 3753; x_wconf 81' lang='lat' dir='ltr'>ltaque</span> <span class='ocrx_word' id='word_1_233' title='bbox 1005 3655 1110 3752; x_wconf 82' lang='lat' dir='ltr'>primi</span> <span class='ocrx_word' id='word_1_234' title='bbox 1133 3657 1247 3754; x_wconf 83' lang='lat' dir='ltr'>fingu-</span> 
     </span>
     <span class='ocr_line' id='line_1_32' title="bbox 285 3757 1244 3862; baseline 0.003 -29"><span class='ocrx_word' id='word_1_235' title='bbox 285 3757 397 3834; x_wconf 83' lang='lat' dir='ltr'>larum</span> <span class='ocrx_word' id='word_1_236' title='bbox 415 3760 645 3854; x_wconf 84' lang='lat' dir='ltr'>decuriarum,</span> <span class='ocrx_word' id='word_1_237' title='bbox 666 3765 880 3842; x_wconf 85' lang='lat' dir='ltr'>Decuriones</span> <span class='ocrx_word' id='word_1_238' title='bbox 898 3764 976 3839; x_wconf 72' lang='lat' dir='ltr'>dicti</span> <span class='ocrx_word' id='word_1_239' title='bbox 985 3816 997 3862; x_wconf 91' lang='lat'>,</span> <span class='ocrx_word' id='word_1_240' title='bbox 1012 3763 1071 3862; x_wconf 85' lang='lat' dir='ltr'>qui</span> <span class='ocrx_word' id='word_1_241' title='bbox 1086 3764 1130 3837; x_wconf 86' lang='lat' dir='ltr'>ab</span> <span class='ocrx_word' id='word_1_242' title='bbox 1145 3786 1190 3838; x_wconf 87' lang='lat' dir='ltr'>eo</span> <span class='ocrx_word' id='word_1_243' title='bbox 1204 3763 1244 3836; x_wconf 92' lang='lat' dir='ltr'>in</span> 
     </span>
    </p>
   </div>
   <div class='ocr_carea' id='block_1_4' title="bbox 0 0 1422 4567">
    <p class='ocr_par' dir='ltr' id='par_1_9' title="bbox 0 0 1422 4567">
     <span class='ocr_line' id='line_1_33' title="bbox 0 0 1422 4567; baseline 0 2"><span class='ocrx_word' id='word_1_244' title='bbox 0 0 1422 4567; x_wconf 95' lang='lat' dir='ltr'> </span> 
     </span>
    </p>
   </div>
  </div>
 </body>
</html>
