<?xml version="1.0" encoding="UTF-8"?>
<!DOCTYPE html PUBLIC "-//W3C//DTD XHTML 1.0 Transitional//EN"
    "http://www.w3.org/TR/xhtml1/DTD/xhtml1-transitional.dtd">
<html xmlns="http://www.w3.org/1999/xhtml" xml:lang="en" lang="en">
 <head>
  <title>
</title>
<meta http-equiv="Content-Type" content="text/html;charset=utf-8" />
  <meta name='ocr-system' content='tesseract 3.04.00' />
  <meta name='ocr-capabilities' content='ocr_page ocr_carea ocr_par ocr_line ocrx_word'/>
</head>
<body>
  <div class='ocr_page' id='page_1' title='image "./mtervarronisdel00bipogoog/mtervarronisdel00bipogoog_0636.png"; bbox 0 0 2834 4567; ppageno 0'>
   <div class='ocr_carea' id='block_1_1' title="bbox 283 285 904 364">
    <p class='ocr_par' dir='ltr' id='par_1_1' title="bbox 283 285 904 364">
     <span class='ocr_line' id='line_1_1' title="bbox 283 285 904 364; baseline -0.008 -1"><span class='ocrx_word' id='word_1_1' title='bbox 283 310 353 364; x_wconf 81' lang='lat'>210</span> <span class='ocrx_word' id='word_1_2' title='bbox 611 285 904 360; x_wconf 79' lang='lat' dir='ltr'><strong>NOTAE</strong></span> 
     </span>
    </p>
   </div>
   <div class='ocr_carea' id='block_1_2' title="bbox 280 445 1251 1347">
    <p class='ocr_par' dir='ltr' id='par_1_2' title="bbox 280 445 1251 1347">
     <span class='ocr_line' id='line_1_2' title="bbox 282 445 1248 543; baseline -0.003 -27"><span class='ocrx_word' id='word_1_3' title='bbox 282 450 315 516; x_wconf 85' lang='lat' dir='ltr'>In</span> <span class='ocrx_word' id='word_1_4' title='bbox 335 449 444 513; x_wconf 81' lang='lat' dir='ltr'>Laertio</span> <span class='ocrx_word' id='word_1_5' title='bbox 461 449 587 513; x_wconf 92' lang='lat' dir='ltr'>dicuntur</span> <span class='ocrx_word' id='word_1_6' title='bbox 604 446 742 532; x_wconf 71' lang='grc' dir='ltr'>πρόβατα</span> <span class='ocrx_word' id='word_1_7' title='bbox 762 447 906 543; x_wconf 61' lang='lat' dir='ltr'>dissuasu</span> <span class='ocrx_word' id='word_1_8' title='bbox 928 445 1062 510; x_wconf 70' lang='lat' dir='ltr'>iuuenes</span> <span class='ocrx_word' id='word_1_9' title='bbox 1087 452 1143 513; x_wconf 72' lang='lat' dir='ltr'>brou</span> <span class='ocrx_word' id='word_1_10' title='bbox 1161 449 1248 514; x_wconf 87' lang='lat' dir='ltr'>Colu-</span> 
     </span>
     <span class='ocr_line' id='line_1_3' title="bbox 281 527 1248 613; baseline -0.001 -19"><span class='ocrx_word' id='word_1_11' title='bbox 281 533 362 594; x_wconf 81' lang='lat' dir='ltr'>mella</span> <span class='ocrx_word' id='word_1_12' title='bbox 382 549 459 594; x_wconf 84' lang='lat' dir='ltr'>vetat</span> <span class='ocrx_word' id='word_1_13' title='bbox 482 552 553 594; x_wconf 83' lang='lat' dir='ltr'>oves</span> <span class='ocrx_word' id='word_1_14' title='bbox 575 531 688 612; x_wconf 85' lang='lat' dir='ltr'>pellibus</span> <span class='ocrx_word' id='word_1_15' title='bbox 702 531 806 591; x_wconf 80' lang='lat' dir='ltr'>amiciri</span> <span class='ocrx_word' id='word_1_16' title='bbox 824 527 898 589; x_wconf 83' lang='lat' dir='ltr'>sestis</span> <span class='ocrx_word' id='word_1_17' title='bbox 917 528 1022 589; x_wconf 87' lang='lat' dir='ltr'>diebus.</span> <span class='ocrx_word' id='word_1_18' title='bbox 1075 552 1098 591; x_wconf 84' lang='lat' dir='ltr'>ae</span> <span class='ocrx_word' id='word_1_19' title='bbox 1114 534 1248 613; x_wconf 80' lang='lat' dir='ltr'>pecudes,</span> 
     </span>
     <span class='ocr_line' id='line_1_4' title="bbox 302 609 1249 695; baseline 0.002 -22"><span class='ocrx_word' id='word_1_20' title='bbox 302 617 346 676; x_wconf 87' lang='lat' dir='ltr'>uia</span> <span class='ocrx_word' id='word_1_21' title='bbox 366 615 518 675; x_wconf 81' lang='lat' dir='ltr'>tenerrimis</span> <span class='ocrx_word' id='word_1_22' title='bbox 542 612 647 695; x_wconf 80' lang='lat' dir='ltr'><strong>pascuis</strong></span> <span class='ocrx_word' id='word_1_23' title='bbox 664 611 820 685; x_wconf 80' lang='lat' dir='ltr'>alerentur,</span> <span class='ocrx_word' id='word_1_24' title='bbox 841 609 1003 671; x_wconf 88' lang='lat' dir='ltr'>dicebantur</span> <span class='ocrx_word' id='word_1_25' title='bbox 1020 613 1096 694; x_wconf 87' lang='lat' dir='ltr'>apud</span> <span class='ocrx_word' id='word_1_26' title='bbox 1121 615 1249 675; x_wconf 83' lang='lat' dir='ltr'>Rhodios</span> 
     </span>
     <span class='ocr_line' id='line_1_5' title="bbox 280 636 1247 779; baseline -0.001 -21"><span class='ocrx_word' id='word_1_27' title='bbox 280 636 590 779; x_wconf 56' lang='lat' dir='ltr'>denominatum,</span> <span class='ocrx_word' id='word_1_28' title='bbox 618 692 707 777; x_wconf 59' lang='grc' dir='ltr'>ἤγουν</span> <span class='ocrx_word' id='word_1_29' title='bbox 736 692 788 756; x_wconf 79' lang='lat' dir='ltr'>nir</span> <span class='ocrx_word' id='word_1_30' title='bbox 813 691 949 770; x_wconf 68' lang='lat' dir='ltr'>nundum</span> <span class='ocrx_word' id='word_1_31' title='bbox 983 691 1040 752; x_wconf 76' lang='lat' dir='ltr'>criu</span> <span class='ocrx_word' id='word_1_32' title='bbox 1071 695 1247 777; x_wconf 69' lang='grc' dir='ltr'><strong><em>σπερμάτων</em></strong></span> 
     </span>
     <span class='ocr_line' id='line_1_6' title="bbox 281 773 1245 857; baseline -0.001 -19"><span class='ocrx_word' id='word_1_33' title='bbox 281 777 513 856; x_wconf 71' lang='grc' dir='ltr'><strong><em>ἐπιβοσκὸμενσω.</em></strong></span> <span class='ocrx_word' id='word_1_34' title='bbox 542 778 684 838; x_wconf 70' lang='lat' dir='ltr'>Luxuriam</span> <span class='ocrx_word' id='word_1_35' title='bbox 699 777 813 857; x_wconf 76' lang='lat' dir='ltr'>figetum</span> <span class='ocrx_word' id='word_1_36' title='bbox 834 776 939 855; x_wconf 82' lang='lat' dir='ltr'>summa</span> <span class='ocrx_word' id='word_1_37' title='bbox 964 773 1081 856; x_wconf 82' lang='lat' dir='ltr'>deposcit</span> <span class='ocrx_word' id='word_1_38' title='bbox 1106 777 1135 835; x_wconf 88' lang='lat' dir='ltr'>in</span> <span class='ocrx_word' id='word_1_39' title='bbox 1153 779 1245 838; x_wconf 81' lang='lat' dir='ltr'>berba.</span> 
     </span>
     <span class='ocr_line' id='line_1_7' title="bbox 281 854 1250 936; baseline -0.003 -15"><span class='ocrx_word' id='word_1_40' title='bbox 281 859 413 921; x_wconf 74' lang='lat' dir='ltr'><strong>SanIG.</strong></span> <span class='ocrx_word' id='word_1_41' title='bbox 430 858 516 920; x_wconf 70' lang='lat' dir='ltr'>Resie</span> <span class='ocrx_word' id='word_1_42' title='bbox 540 859 602 919; x_wconf 85' lang='lat' dir='ltr'>libri</span> <span class='ocrx_word' id='word_1_43' title='bbox 619 877 748 919; x_wconf 83' lang='lat' dir='ltr'>veteres:</span> <span class='ocrx_word' id='word_1_44' title='bbox 769 859 861 936; x_wconf 81' lang='lat' dir='ltr'>Neque</span> <span class='ocrx_word' id='word_1_45' title='bbox 883 855 917 935; x_wconf 71' lang='lat' dir='ltr'>cst</span> <span class='ocrx_word' id='word_1_46' title='bbox 937 854 1012 914; x_wconf 81' lang='lat' dir='ltr'>lana.</span> <span class='ocrx_word' id='word_1_47' title='bbox 1034 857 1181 917; x_wconf 81' lang='lat' dir='ltr'>Corminuri</span> <span class='ocrx_word' id='word_1_48' title='bbox 1198 860 1250 918; x_wconf 86' lang='lat' dir='ltr'>di·</span> 
     </span>
     <span class='ocr_line' id='line_1_8' title="bbox 281 937 1250 1020; baseline -0.002 -18"><span class='ocrx_word' id='word_1_49' title='bbox 281 943 449 1013; x_wconf 73' lang='lat' dir='ltr'>titulans,</span> <span class='ocrx_word' id='word_1_50' title='bbox 469 942 573 1020; x_wconf 79' lang='lat' dir='ltr'>inquit,</span> <span class='ocrx_word' id='word_1_51' title='bbox 590 959 655 1000; x_wconf 88' lang='lat' dir='ltr'>cum</span> <span class='ocrx_word' id='word_1_52' title='bbox 681 956 755 1000; x_wconf 90' lang='lat' dir='ltr'>caret</span> <span class='ocrx_word' id='word_1_53' title='bbox 772 937 914 1019; x_wconf 81' lang='lat' dir='ltr'>spurcitia,</span> <span class='ocrx_word' id='word_1_54' title='bbox 932 956 1021 1017; x_wconf 91' lang='lat' dir='ltr'>neque</span> <span class='ocrx_word' id='word_1_55' title='bbox 1048 938 1107 1012; x_wconf 87' lang='lat' dir='ltr'>jam</span> <span class='ocrx_word' id='word_1_56' title='bbox 1131 939 1250 1019; x_wconf 85' lang='lat' dir='ltr'>amplius</span> 
     </span>
     <span class='ocr_line' id='line_1_9' title="bbox 281 1015 1250 1102; baseline -0.003 -17"><span class='ocrx_word' id='word_1_57' title='bbox 281 1021 322 1085; x_wconf 84' lang='lat' dir='ltr'>est</span> <span class='ocrx_word' id='word_1_58' title='bbox 352 1022 462 1082; x_wconf 87' lang='lat' dir='ltr'>sordida</span> <span class='ocrx_word' id='word_1_59' title='bbox 488 1024 518 1083; x_wconf 77' lang='lat' dir='ltr'>dt</span> <span class='ocrx_word' id='word_1_60' title='bbox 546 1022 673 1102; x_wconf 83' lang='lat' dir='ltr'>impura,</span> <span class='ocrx_word' id='word_1_61' title='bbox 722 1020 777 1080; x_wconf 91' lang='lat' dir='ltr'>uod</span> <span class='ocrx_word' id='word_1_62' title='bbox 807 1038 893 1101; x_wconf 81' lang='lat' dir='ltr'>genus</span> <span class='ocrx_word' id='word_1_63' title='bbox 920 1017 988 1078; x_wconf 82' lang='lat' dir='ltr'>ianae</span> <span class='ocrx_word' id='word_1_64' title='bbox 1018 1015 1135 1080; x_wconf 85' lang='lat' dir='ltr'>Naevius</span> <span class='ocrx_word' id='word_1_65' title='bbox 1162 1038 1250 1082; x_wconf 78' lang='lat' dir='ltr'>vocat</span> 
     </span>
     <span class='ocr_line' id='line_1_10' title="bbox 281 1042 1251 1183; baseline -0.004 -16"><span class='ocrx_word' id='word_1_66' title='bbox 281 1103 405 1177; x_wconf 79' lang='lat' dir='ltr'>oscam,</span> <span class='ocrx_word' id='word_1_67' title='bbox 424 1104 460 1163; x_wconf 87' lang='lat' dir='ltr'>ab</span> <span class='ocrx_word' id='word_1_68' title='bbox 477 1102 559 1164; x_wconf 86' lang='lat' dir='ltr'>Oscis</span> <span class='ocrx_word' id='word_1_69' title='bbox 574 1099 682 1183; x_wconf 83' lang='lat' dir='ltr'>populis</span> <span class='ocrx_word' id='word_1_70' title='bbox 699 1042 879 1181; x_wconf 47' lang='lat' dir='ltr'>Summum,</span> <span class='ocrx_word' id='word_1_71' title='bbox 901 1101 949 1179; x_wconf 89' lang='lat' dir='ltr'>qui</span> <span class='ocrx_word' id='word_1_72' title='bbox 965 1097 1093 1162; x_wconf 85' lang='lat' dir='ltr'>obscoeni</span> <span class='ocrx_word' id='word_1_73' title='bbox 1111 1102 1251 1163; x_wconf 78' lang='lat' dir='ltr'>habeban-</span> 
     </span>
     <span class='ocr_line' id='line_1_11' title="bbox 282 1178 1106 1263; baseline -0.004 -17"><span class='ocrx_word' id='word_1_74' title='bbox 282 1201 335 1246; x_wconf 88' lang='lat' dir='ltr'>tur.</span> <span class='ocrx_word' id='word_1_75' title='bbox 352 1186 409 1246; x_wconf 79' lang='lat' dir='ltr'>Alii</span> <span class='ocrx_word' id='word_1_76' title='bbox 422 1203 546 1245; x_wconf 84' lang='lat' dir='ltr'>mutant:</span> <span class='ocrx_word' id='word_1_77' title='bbox 569 1184 690 1263; x_wconf 78' lang='lat' dir='ltr'><em>Nequam</em></span> <span class='ocrx_word' id='word_1_78' title='bbox 704 1185 738 1262; x_wconf 70' lang='lat' dir='ltr'>est</span> <span class='ocrx_word' id='word_1_79' title='bbox 755 1184 830 1242; x_wconf 82' lang='lat' dir='ltr'>lanu.</span> <span class='ocrx_word' id='word_1_80' title='bbox 849 1179 955 1242; x_wconf 87' lang='lat' dir='ltr'>frustra.</span> <span class='ocrx_word' id='word_1_81' title='bbox 974 1178 1106 1243; x_wconf 76' lang='grc' dir='ltr'><strong>ΡοΡΜΔ.</strong></span> 
     </span>
     <span class='ocr_line' id='line_1_12' title="bbox 325 1261 1249 1347; baseline -0.001 -22"><span class='ocrx_word' id='word_1_82' title='bbox 325 1267 375 1328; x_wconf 74' lang='lat' dir='ltr'>lin,</span> <span class='ocrx_word' id='word_1_83' title='bbox 392 1285 438 1326; x_wconf 88' lang='lat' dir='ltr'>ro.</span> <span class='ocrx_word' id='word_1_84' title='bbox 461 1269 490 1325; x_wconf 82' lang='lat' dir='ltr'><em>A</em></span> <span class='ocrx_word' id='word_1_85' title='bbox 505 1263 612 1344; x_wconf 63' lang='lat' dir='ltr'>genu]</span> <span class='ocrx_word' id='word_1_86' title='bbox 631 1262 735 1347; x_wconf 72' lang='grc' dir='ltr'>Γέῥριι,</span> <span class='ocrx_word' id='word_1_87' title='bbox 749 1280 846 1324; x_wconf 86' lang='lat' dir='ltr'>crates.</span> <span class='ocrx_word' id='word_1_88' title='bbox 857 1262 950 1323; x_wconf 83' lang='lat' dir='ltr'>Etiam</span> <span class='ocrx_word' id='word_1_89' title='bbox 964 1261 1122 1323; x_wconf 80' lang='lat' dir='ltr'>fascinos&amp;</span> <span class='ocrx_word' id='word_1_90' title='bbox 1139 1264 1249 1345; x_wconf 88' lang='lat' dir='ltr'>puden·</span> 
     </span>
    </p>
   </div>
   <div class='ocr_carea' id='block_1_3' title="bbox 179 1341 1248 1428">
    <p class='ocr_par' dir='ltr' id='par_1_3' title="bbox 179 1341 1248 1428">
     <span class='ocr_line' id='line_1_13' title="bbox 179 1341 1248 1428; baseline 0.004 -26"><span class='ocrx_word' id='word_1_91' title='bbox 179 1393 184 1402; x_wconf 93' lang='lat'>.</span> <span class='ocrx_word' id='word_1_92' title='bbox 250 1401 253 1416; x_wconf 84' lang='grc'><strong>,</strong></span> <span class='ocrx_word' id='word_1_93' title='bbox 283 1346 321 1409; x_wconf 86' lang='lat' dir='ltr'>da</span> <span class='ocrx_word' id='word_1_94' title='bbox 350 1348 542 1428; x_wconf 74' lang='lat' dir='ltr'>interpretatur</span> <span class='ocrx_word' id='word_1_95' title='bbox 574 1345 692 1406; x_wconf 85' lang='lat' dir='ltr'>Nonius.</span> <span class='ocrx_word' id='word_1_96' title='bbox 719 1343 889 1425; x_wconf 86' lang='lat' dir='ltr'>Hesychius:</span> <span class='ocrx_word' id='word_1_97' title='bbox 913 1341 1019 1424; x_wconf 73' lang='grc' dir='ltr'><em>Γέρῥα,</em></span> <span class='ocrx_word' id='word_1_98' title='bbox 1038 1348 1092 1405; x_wconf 75' lang='lat' dir='ltr'>rbus</span> <span class='ocrx_word' id='word_1_99' title='bbox 1119 1350 1248 1421; x_wconf 62' lang='lat' dir='ltr'>cunnus,</span> 
     </span>
    </p>
   </div>
   <div class='ocr_carea' id='block_1_4' title="bbox 283 1421 1250 2728">
    <p class='ocr_par' dir='ltr' id='par_1_4' title="bbox 283 1421 1045 1509">
     <span class='ocr_line' id='line_1_14' title="bbox 283 1421 1045 1509; baseline -0.007 -21"><span class='ocrx_word' id='word_1_100' title='bbox 283 1427 334 1488; x_wconf 79' lang='lat' dir='ltr'>turoi</span> <span class='ocrx_word' id='word_1_101' title='bbox 349 1430 391 1488; x_wconf 71' lang='lat' dir='ltr'>uic</span> <span class='ocrx_word' id='word_1_102' title='bbox 405 1421 523 1509; x_wconf 69' lang='lat' dir='ltr'>drdprist</span> <span class='ocrx_word' id='word_1_103' title='bbox 541 1427 591 1487; x_wconf 78' lang='lat' dir='ltr'>nuti</span> <span class='ocrx_word' id='word_1_104' title='bbox 611 1425 768 1509; x_wconf 54' lang='lat' dir='ltr'>novarienses</span> <span class='ocrx_word' id='word_1_105' title='bbox 786 1425 898 1486; x_wconf 67' lang='lat' dir='ltr'>ciseio.</span> <span class='ocrx_word' id='word_1_106' title='bbox 914 1423 1045 1486; x_wconf 79' lang='lat' dir='ltr'>Serme.</span> 
     </span>
    </p>

    <p class='ocr_par' dir='ltr' id='par_1_5' title="bbox 284 1503 1248 1993">
     <span class='ocr_line' id='line_1_15' title="bbox 325 1503 1247 1599; baseline 0.001 -32"><span class='ocrx_word' id='word_1_107' title='bbox 325 1508 370 1569; x_wconf 88' lang='lat' dir='ltr'>lin.</span> <span class='ocrx_word' id='word_1_108' title='bbox 398 1529 444 1592; x_wconf 79' lang='lat'>¹3·</span> <span class='ocrx_word' id='word_1_109' title='bbox 470 1508 672 1590; x_wconf 65' lang='lat' dir='ltr'>Adsiduus]</span> <span class='ocrx_word' id='word_1_110' title='bbox 694 1506 791 1568; x_wconf 82' lang='lat' dir='ltr'>Varro</span> <span class='ocrx_word' id='word_1_111' title='bbox 814 1506 849 1568; x_wconf 90' lang='lat' dir='ltr'>de</span> <span class='ocrx_word' id='word_1_112' title='bbox 866 1505 935 1586; x_wconf 82' lang='lat' dir='ltr'>Vita</span> <span class='ocrx_word' id='word_1_113' title='bbox 952 1526 1021 1599; x_wconf 76' lang='lat' dir='ltr'>pop.</span> <span class='ocrx_word' id='word_1_114' title='bbox 1043 1503 1126 1566; x_wconf 81' lang='lat' dir='ltr'>Rom.</span> <span class='ocrx_word' id='word_1_115' title='bbox 1144 1505 1189 1567; x_wconf 88' lang='lat' dir='ltr'>lib.</span> <span class='ocrx_word' id='word_1_116' title='bbox 1210 1525 1247 1585; x_wconf 83' lang='lat'>3:</span> 
     </span>
     <span class='ocr_line' id='line_1_16' title="bbox 286 1588 1248 1674; baseline -0.01 -24"><span class='ocrx_word' id='word_1_117' title='bbox 286 1591 334 1650; x_wconf 83' lang='lat' dir='ltr'>De</span> <span class='ocrx_word' id='word_1_118' title='bbox 349 1592 535 1674; x_wconf 74' lang='lat' dir='ltr'>adscriptivis,</span> <span class='ocrx_word' id='word_1_119' title='bbox 552 1611 610 1650; x_wconf 84' lang='lat' dir='ltr'>curn</span> <span class='ocrx_word' id='word_1_120' title='bbox 629 1609 701 1652; x_wconf 78' lang='lat' dir='ltr'>crans</span> <span class='ocrx_word' id='word_1_121' title='bbox 718 1589 838 1648; x_wconf 72' lang='lat' dir='ltr'>attributi</span> <span class='ocrx_word' id='word_1_122' title='bbox 858 1588 1052 1647; x_wconf 70' lang='lat' dir='ltr'>Decurionibus</span> <span class='ocrx_word' id='word_1_123' title='bbox 1075 1589 1102 1647; x_wconf 73' lang='lat' dir='ltr'>d·</span> <span class='ocrx_word' id='word_1_124' title='bbox 1116 1588 1248 1648; x_wconf 86' lang='lat' dir='ltr'>Centurio.</span> 
     </span>
     <span class='ocr_line' id='line_1_17' title="bbox 284 1669 1247 1752; baseline -0.003 -20"><span class='ocrx_word' id='word_1_125' title='bbox 284 1673 382 1748; x_wconf 86' lang='lat' dir='ltr'>nibus,</span> <span class='ocrx_word' id='word_1_126' title='bbox 407 1673 452 1752; x_wconf 84' lang='lat' dir='ltr'>qui</span> <span class='ocrx_word' id='word_1_127' title='bbox 473 1694 557 1734; x_wconf 81' lang='lat' dir='ltr'>corum</span> <span class='ocrx_word' id='word_1_128' title='bbox 579 1674 700 1734; x_wconf 77' lang='lat' dir='ltr'>baberent</span> <span class='ocrx_word' id='word_1_129' title='bbox 712 1669 969 1746; x_wconf 62' lang='lat' dir='ltr'>numerum‘accenfi</span> <span class='ocrx_word' id='word_1_130' title='bbox 986 1670 1155 1729; x_wconf 80' lang='lat' dir='ltr'>uocabantur.</span> <span class='ocrx_word' id='word_1_131' title='bbox 1174 1670 1247 1747; x_wconf 79' lang='lat' dir='ltr'>Eos·</span> 
     </span>
     <span class='ocr_line' id='line_1_18' title="bbox 287 1749 1245 1834; baseline -0.008 -18"><span class='ocrx_word' id='word_1_132' title='bbox 287 1759 344 1816; x_wconf 80' lang='lat' dir='ltr'>dem</span> <span class='ocrx_word' id='word_1_133' title='bbox 368 1755 446 1814; x_wconf 79' lang='lat' dir='ltr'>etism</span> <span class='ocrx_word' id='word_1_134' title='bbox 464 1756 569 1834; x_wconf 79' lang='lat' dir='ltr'>quidun</span> <span class='ocrx_word' id='word_1_135' title='bbox 591 1754 722 1813; x_wconf 77' lang='lat' dir='ltr'>uocabant</span> <span class='ocrx_word' id='word_1_136' title='bbox 736 1751 910 1829; x_wconf 72' lang='lat' dir='ltr'>senatorios,</span> <span class='ocrx_word' id='word_1_137' title='bbox 927 1749 974 1828; x_wconf 80' lang='lat' dir='ltr'>qui</span> <span class='ocrx_word' id='word_1_138' title='bbox 991 1751 1176 1830; x_wconf 73' lang='lat' dir='ltr'>depugnabant</span> <span class='ocrx_word' id='word_1_139' title='bbox 1194 1772 1245 1831; x_wconf 83' lang='lat' dir='ltr'>pu·</span> 
     </span>
     <span class='ocr_line' id='line_1_19' title="bbox 284 1829 1049 1993; baseline -0.002 -17"><span class='ocrx_word' id='word_1_140' title='bbox 284 1834 641 1984; x_wconf 65' lang='lat' dir='ltr'>intrusum</span> <span class='ocrx_word' id='word_1_141' title='bbox 655 1829 1049 1993; x_wconf 59' lang='lat' dir='ltr'>iuraturum</span> 
     </span>
    </p>

    <p class='ocr_par' dir='ltr' id='par_1_6' title="bbox 286 1947 1248 2079">
     <span class='ocr_line' id='line_1_20' title="bbox 329 1947 1248 1988; baseline -0.003 0"><span class='ocrx_word' id='word_1_142' title='bbox 329 1961 337 1975; x_wconf 88' lang='lat'><strong>·</strong></span> <span class='ocrx_word' id='word_1_143' title='bbox 446 1961 454 1988; x_wconf 78' lang='lat' dir='ltr'>r</span> <span class='ocrx_word' id='word_1_144' title='bbox 763 1959 773 1985; x_wconf 57' lang='grc' dir='ltr'><strong><em>θ</em></strong></span> <span class='ocrx_word' id='word_1_145' title='bbox 1044 1956 1055 1987; x_wconf 75' lang='lat' dir='ltr'>t</span> <span class='ocrx_word' id='word_1_146' title='bbox 1235 1947 1248 1957; x_wconf 84' lang='lat'>‘</span> 
     </span>
     <span class='ocr_line' id='line_1_21' title="bbox 286 1995 768 2079; baseline -0.008 -20"><span class='ocrx_word' id='word_1_147' title='bbox 286 1995 370 2069; x_wconf 76' lang='lat' dir='ltr'>uiuus,</span> <span class='ocrx_word' id='word_1_148' title='bbox 396 1997 609 2079; x_wconf 70' lang='grc' dir='ltr'>ἀγχεμάχοις.</span> <span class='ocrx_word' id='word_1_149' title='bbox 631 1997 768 2057; x_wconf 71' lang='lat' dir='ltr'>Scene.</span> 
     </span>
    </p>

    <p class='ocr_par' dir='ltr' id='par_1_7' title="bbox 286 2073 1250 2630">
     <span class='ocr_line' id='line_1_22' title="bbox 329 2073 1247 2157; baseline 0 -20"><span class='ocrx_word' id='word_1_150' title='bbox 329 2079 377 2139; x_wconf 84' lang='lat' dir='ltr'>sin.</span> <span class='ocrx_word' id='word_1_151' title='bbox 394 2099 429 2153; x_wconf 88' lang='lat'>14</span> <span class='ocrx_word' id='word_1_152' title='bbox 447 2080 486 2157; x_wconf 86' lang='lat' dir='ltr'>sq.</span> <span class='ocrx_word' id='word_1_153' title='bbox 505 2078 657 2151; x_wconf 78' lang='lat' dir='ltr'>Militibus3</span> <span class='ocrx_word' id='word_1_154' title='bbox 676 2079 706 2137; x_wconf 86' lang='lat' dir='ltr'>id</span> <span class='ocrx_word' id='word_1_155' title='bbox 718 2077 759 2154; x_wconf 76' lang='lat' dir='ltr'>est,</span> <span class='ocrx_word' id='word_1_156' title='bbox 767 2075 796 2154; x_wconf 83' lang='lat' dir='ltr'><em>fi</em></span> <span class='ocrx_word' id='word_1_157' title='bbox 807 2075 868 2153; x_wconf 77' lang='lat' dir='ltr'>quis</span> <span class='ocrx_word' id='word_1_158' title='bbox 884 2096 968 2135; x_wconf 83' lang='lat' dir='ltr'>eorum</span> <span class='ocrx_word' id='word_1_159' title='bbox 984 2073 1123 2155; x_wconf 65' lang='lat' dir='ltr'>deperisset.</span> <span class='ocrx_word' id='word_1_160' title='bbox 1141 2077 1175 2136; x_wconf 87' lang='lat' dir='ltr'>In</span> <span class='ocrx_word' id='word_1_161' title='bbox 1190 2077 1247 2137; x_wconf 82' lang='lat' dir='ltr'>Tri.</span> 
     </span>
     <span class='ocr_line' id='line_1_23' title="bbox 287 2154 1248 2240; baseline 0.001 -22"><span class='ocrx_word' id='word_1_162' title='bbox 287 2180 410 2230; x_wconf 84' lang='lat' dir='ltr'>nummo,</span> <span class='ocrx_word' id='word_1_163' title='bbox 428 2157 596 2218; x_wconf 76' lang='lat' dir='ltr'>Numisium</span> <span class='ocrx_word' id='word_1_164' title='bbox 613 2158 661 2216; x_wconf 82' lang='lat' dir='ltr'>ribi</span> <span class='ocrx_word' id='word_1_165' title='bbox 670 2157 845 2238; x_wconf 77' lang='lat' dir='ltr'>ferentarium.</span> <span class='ocrx_word' id='word_1_166' title='bbox 872 2154 965 2237; x_wconf 84' lang='lat' dir='ltr'>Lego:</span> <span class='ocrx_word' id='word_1_167' title='bbox 981 2158 1133 2229; x_wconf 82' lang='lat' dir='ltr'>Militibus,</span> <span class='ocrx_word' id='word_1_168' title='bbox 1143 2160 1173 2235; x_wconf 87' lang='lat' dir='ltr'><em>fi</em></span> <span class='ocrx_word' id='word_1_169' title='bbox 1186 2162 1248 2240; x_wconf 82' lang='lat' dir='ltr'>quis</span> 
     </span>
     <span class='ocr_line' id='line_1_24' title="bbox 286 2238 1249 2319; baseline -0.005 -21"><span class='ocrx_word' id='word_1_170' title='bbox 286 2261 372 2298; x_wconf 82' lang='lat' dir='ltr'>eorurn</span> <span class='ocrx_word' id='word_1_171' title='bbox 386 2238 516 2319; x_wconf 78' lang='lat' dir='ltr'>depertffir</span> <span class='ocrx_word' id='word_1_172' title='bbox 530 2260 537 2296; x_wconf 91' lang='lat'><em>:</em></span> <span class='ocrx_word' id='word_1_173' title='bbox 553 2239 595 2310; x_wconf 71' lang='grc' dir='ltr'>δι,</span> <span class='ocrx_word' id='word_1_174' title='bbox 608 2260 670 2297; x_wconf 83' lang='lat' dir='ltr'>nunt</span> <span class='ocrx_word' id='word_1_175' title='bbox 684 2238 759 2297; x_wconf 82' lang='lat' dir='ltr'>illurn</span> <span class='ocrx_word' id='word_1_176' title='bbox 770 2239 818 2297; x_wconf 86' lang='lat' dir='ltr'>tibi</span> <span class='ocrx_word' id='word_1_177' title='bbox 846 2238 1005 2299; x_wconf 80' lang='lat' dir='ltr'>erensart&#39;urrt.</span> <span class='ocrx_word' id='word_1_178' title='bbox 1018 2238 1063 2298; x_wconf 85' lang='lat' dir='ltr'>Ac</span> <span class='ocrx_word' id='word_1_179' title='bbox 1079 2239 1193 2300; x_wconf 83' lang='lat' dir='ltr'>viderur</span> <span class='ocrx_word' id='word_1_180' title='bbox 1202 2240 1249 2319; x_wconf 79' lang='lat' dir='ltr'>fe.</span> 
     </span>
     <span class='ocr_line' id='line_1_25' title="bbox 286 2316 1250 2400; baseline -0.002 -22"><span class='ocrx_word' id='word_1_181' title='bbox 286 2321 427 2379; x_wconf 76' lang='lat' dir='ltr'>scutarium</span> <span class='ocrx_word' id='word_1_182' title='bbox 443 2323 564 2381; x_wconf 89' lang='lat' dir='ltr'>amicum</span> <span class='ocrx_word' id='word_1_183' title='bbox 579 2323 674 2400; x_wconf 82' lang='lat' dir='ltr'>potius</span> <span class='ocrx_word' id='word_1_184' title='bbox 693 2319 786 2381; x_wconf 81' lang='lat' dir='ltr'>dixisse</span> <span class='ocrx_word' id='word_1_185' title='bbox 805 2316 934 2393; x_wconf 84' lang='lat' dir='ltr'>Plautus,</span> <span class='ocrx_word' id='word_1_186' title='bbox 954 2320 1001 2400; x_wconf 90' lang='lat' dir='ltr'>qui</span> <span class='ocrx_word' id='word_1_187' title='bbox 1018 2318 1135 2380; x_wconf 78' lang='lat' dir='ltr'>subsidio</span> <span class='ocrx_word' id='word_1_188' title='bbox 1150 2323 1181 2382; x_wconf 80' lang='grc' dir='ltr'>δι</span> <span class='ocrx_word' id='word_1_189' title='bbox 1199 2343 1250 2381; x_wconf 89' lang='lat' dir='ltr'>au.</span> 
     </span>
     <span class='ocr_line' id='line_1_26' title="bbox 286 2400 1248 2484; baseline -0.001 -22"><span class='ocrx_word' id='word_1_190' title='bbox 286 2403 352 2462; x_wconf 81' lang='lat' dir='ltr'>xiiio</span> <span class='ocrx_word' id='word_1_191' title='bbox 368 2401 474 2462; x_wconf 75' lang='lat' dir='ltr'>futurus</span> <span class='ocrx_word' id='word_1_192' title='bbox 490 2401 522 2461; x_wconf 84' lang='lat' dir='ltr'>stt</span> <span class='ocrx_word' id='word_1_193' title='bbox 534 2448 543 2476; x_wconf 87' lang='lat'>,</span> <span class='ocrx_word' id='word_1_194' title='bbox 555 2423 638 2482; x_wconf 91' lang='lat' dir='ltr'>quam</span> <span class='ocrx_word' id='word_1_195' title='bbox 655 2401 799 2484; x_wconf 89' lang='lat' dir='ltr'>quomodo</span> <span class='ocrx_word' id='word_1_196' title='bbox 812 2400 906 2460; x_wconf 86' lang='lat' dir='ltr'>Varro</span> <span class='ocrx_word' id='word_1_197' title='bbox 920 2401 1132 2480; x_wconf 86' lang='lat' dir='ltr'>interpretatus,</span> <span class='ocrx_word' id='word_1_198' title='bbox 1146 2405 1195 2484; x_wconf 90' lang='lat' dir='ltr'>qui</span> <span class='ocrx_word' id='word_1_199' title='bbox 1208 2406 1248 2462; x_wconf 89' lang='lat' dir='ltr'>in-</span> 
     </span>
     <span class='ocr_line' id='line_1_27' title="bbox 286 2481 1250 2559; baseline 0 -13"><span class='ocrx_word' id='word_1_200' title='bbox 286 2485 348 2559; x_wconf 84' lang='lat' dir='ltr'>anis</span> <span class='ocrx_word' id='word_1_201' title='bbox 370 2485 401 2546; x_wconf 76' lang='lat' dir='ltr'>bt</span> <span class='ocrx_word' id='word_1_202' title='bbox 425 2482 481 2545; x_wconf 87' lang='lat' dir='ltr'>fine</span> <span class='ocrx_word' id='word_1_203' title='bbox 501 2482 591 2545; x_wconf 73' lang='lat' dir='ltr'>fructu</span> <span class='ocrx_word' id='word_1_204' title='bbox 611 2482 654 2545; x_wconf 87' lang='lat' dir='ltr'>sit.</span> <span class='ocrx_word' id='word_1_205' title='bbox 681 2481 737 2544; x_wconf 88' lang='lat' dir='ltr'>Sed</span> <span class='ocrx_word' id='word_1_206' title='bbox 762 2482 884 2542; x_wconf 90' lang='lat' dir='ltr'>Varroni</span> <span class='ocrx_word' id='word_1_207' title='bbox 907 2501 1002 2543; x_wconf 82' lang='lat' dir='ltr'>tamen</span> <span class='ocrx_word' id='word_1_208' title='bbox 1026 2485 1077 2544; x_wconf 81' lang='lat' dir='ltr'>vix</span> <span class='ocrx_word' id='word_1_209' title='bbox 1100 2484 1250 2547; x_wconf 78' lang='lat' dir='ltr'>reclamare</span> 
     </span>
     <span class='ocr_line' id='line_1_28' title="bbox 286 2566 1142 2630; baseline -0.001 -3"><span class='ocrx_word' id='word_1_210' title='bbox 286 2567 386 2628; x_wconf 80' lang='lat' dir='ltr'>audeo.</span> <span class='ocrx_word' id='word_1_211' title='bbox 405 2566 570 2630; x_wconf 73' lang='lat' dir='ltr'>tumen..</span> <span class='ocrx_word' id='word_1_212' title='bbox 1140 2601 1142 2604; x_wconf 95' lang='lat'>-</span> 
     </span>
    </p>

    <p class='ocr_par' dir='ltr' id='par_1_8' title="bbox 327 2644 1248 2728">
     <span class='ocr_line' id='line_1_29' title="bbox 327 2644 1248 2728; baseline 0.003 -22"><span class='ocrx_word' id='word_1_213' title='bbox 327 2648 376 2708; x_wconf 86' lang='lat' dir='ltr'>lin.</span> <span class='ocrx_word' id='word_1_214' title='bbox 399 2647 444 2707; x_wconf 79' lang='lat'>18.</span> <span class='ocrx_word' id='word_1_215' title='bbox 459 2651 563 2718; x_wconf 80' lang='lat' dir='ltr'>Arna,</span> <span class='ocrx_word' id='word_1_216' title='bbox 581 2667 637 2727; x_wconf 79' lang='lat' dir='ltr'>qua</span> <span class='ocrx_word' id='word_1_217' title='bbox 648 2644 795 2723; x_wconf 78' lang='lat' dir='ltr'>ferrentur,</span> <span class='ocrx_word' id='word_1_218' title='bbox 814 2662 844 2712; x_wconf 70' lang='lat' dir='ltr'>us</span> <span class='ocrx_word' id='word_1_219' title='bbox 853 2644 1000 2728; x_wconf 67' lang='lat' dir='ltr'>iesaberu]</span> <span class='ocrx_word' id='word_1_220' title='bbox 1018 2649 1063 2707; x_wconf 76' lang='lat' dir='ltr'>Tit</span> <span class='ocrx_word' id='word_1_221' title='bbox 1081 2647 1248 2721; x_wconf 67' lang='lat' dir='ltr'>cunebbnsc,</span> 
     </span>
    </p>
   </div>
   <div class='ocr_carea' id='block_1_5' title="bbox 164 2727 686 2790">
    <p class='ocr_par' dir='ltr' id='par_1_9' title="bbox 164 2727 686 2790">
     <span class='ocr_line' id='line_1_30' title="bbox 164 2727 686 2790; baseline -0.006 0"><span class='ocrx_word' id='word_1_222' title='bbox 164 2729 176 2772; x_wconf 50' lang='lat'>⁴·</span> <span class='ocrx_word' id='word_1_223' title='bbox 287 2747 318 2790; x_wconf 91' lang='lat' dir='ltr'>ut</span> <span class='ocrx_word' id='word_1_224' title='bbox 331 2727 387 2788; x_wconf 79' lang='lat' dir='ltr'>&#39;am</span> <span class='ocrx_word' id='word_1_225' title='bbox 407 2728 533 2787; x_wconf 78' lang='lat' dir='ltr'>diximus.</span> <span class='ocrx_word' id='word_1_226' title='bbox 550 2729 686 2790; x_wconf 79' lang='lat' dir='ltr'>SanIG.</span> 
     </span>
    </p>
   </div>
   <div class='ocr_carea' id='block_1_6' title="bbox 213 2807 1302 3866">
    <p class='ocr_par' dir='ltr' id='par_1_10' title="bbox 339 2807 757 2969">
     <span class='ocr_line' id='line_1_31' title="bbox 339 2807 757 2889; baseline -0.002 -20"><span class='ocrx_word' id='word_1_227' title='bbox 339 2812 343 2821; x_wconf 76' lang='grc'><strong>’</strong></span> <span class='ocrx_word' id='word_1_228' title='bbox 368 2830 442 2869; x_wconf 83' lang='lat'><em>.21.</em></span> <span class='ocrx_word' id='word_1_229' title='bbox 470 2812 527 2868; x_wconf 80' lang='lat' dir='ltr'>Ubi</span> <span class='ocrx_word' id='word_1_230' title='bbox 543 2810 634 2868; x_wconf 76' lang='lat' dir='ltr'>rorarii</span> <span class='ocrx_word' id='word_1_231' title='bbox 650 2807 757 2889; x_wconf 80' lang='lat' dir='ltr'>efli5?]</span> 
     </span>
     <span class='ocr_line' id='line_1_32' title="bbox 472 2890 738 2969; baseline 0 -23"><span class='ocrx_word' id='word_1_232' title='bbox 472 2890 738 2969; x_wconf 75' lang='lat' dir='ltr'>—sequimini</span> 
     </span>
    </p>

    <p class='ocr_par' dir='ltr' id='par_1_11' title="bbox 328 2969 1129 3053">
     <span class='ocr_line' id='line_1_33' title="bbox 328 2969 1129 3053; baseline -0.005 -20"><span class='ocrx_word' id='word_1_233' title='bbox 328 2973 380 3033; x_wconf 85' lang='lat' dir='ltr'>Me</span> <span class='ocrx_word' id='word_1_234' title='bbox 399 2972 449 3030; x_wconf 78' lang='lat' dir='ltr'>bac</span> <span class='ocrx_word' id='word_1_235' title='bbox 463 2971 545 3049; x_wconf 79' lang='lat' dir='ltr'>sultis</span> <span class='ocrx_word' id='word_1_236' title='bbox 565 2971 678 3053; x_wconf 79' lang='lat' dir='ltr'>legiones</span> <span class='ocrx_word' id='word_1_237' title='bbox 697 2990 784 3029; x_wconf 84' lang='lat' dir='ltr'>omncs</span> <span class='ocrx_word' id='word_1_238' title='bbox 804 2970 939 3048; x_wconf 60' lang='lat' dir='ltr'>Iouerum</span> <span class='ocrx_word' id='word_1_239' title='bbox 962 2969 1020 3050; x_wconf 74' lang='lat' dir='ltr'>Ubi</span> <span class='ocrx_word' id='word_1_240' title='bbox 1038 2970 1129 3032; x_wconf 66' lang='lat' dir='ltr'>roruru</span> 
     </span>
    </p>

    <p class='ocr_par' dir='ltr' id='par_1_12' title="bbox 213 3051 1302 3866">
     <span class='ocr_line' id='line_1_34' title="bbox 330 3051 1012 3135; baseline -0.003 -23"><span class='ocrx_word' id='word_1_241' title='bbox 330 3054 430 3135; x_wconf 80' lang='lat' dir='ltr'>Eflis?</span> <span class='ocrx_word' id='word_1_242' title='bbox 450 3053 497 3112; x_wconf 84' lang='lat' dir='ltr'>Eu</span> <span class='ocrx_word' id='word_1_243' title='bbox 510 3051 581 3130; x_wconf 66' lang='lat' dir='ltr'>fitur.</span> <span class='ocrx_word' id='word_1_244' title='bbox 601 3053 657 3113; x_wconf 82' lang='lat' dir='ltr'>Ubi</span> <span class='ocrx_word' id='word_1_245' title='bbox 665 3053 733 3132; x_wconf 69' lang='lat' dir='ltr'>sisne</span> <span class='ocrx_word' id='word_1_246' title='bbox 747 3055 845 3129; x_wconf 78' lang='lat' dir='ltr'>accenfi</span> <span class='ocrx_word' id='word_1_247' title='bbox 852 3055 868 3112; x_wconf 90' lang='lat'><em>?</em></span> <span class='ocrx_word' id='word_1_248' title='bbox 886 3052 964 3111; x_wconf 82' lang='lat' dir='ltr'>Ecce.</span> <span class='ocrx_word' id='word_1_249' title='bbox 977 3086 1012 3099; x_wconf 94' lang='lat'><em>-</em></span> 
     </span>
     <span class='ocr_line' id='line_1_35' title="bbox 288 3131 1242 3218; baseline 0.004 -24"><span class='ocrx_word' id='word_1_250' title='bbox 288 3135 361 3218; x_wconf 84' lang='lat' dir='ltr'>prius</span> <span class='ocrx_word' id='word_1_251' title='bbox 380 3133 537 3196; x_wconf 83' lang='lat' dir='ltr'>membrum</span> <span class='ocrx_word' id='word_1_252' title='bbox 555 3133 680 3194; x_wconf 84' lang='lat' dir='ltr'>invenies</span> <span class='ocrx_word' id='word_1_253' title='bbox 696 3133 770 3214; x_wconf 82' lang='lat' dir='ltr'>apud</span> <span class='ocrx_word' id='word_1_254' title='bbox 787 3131 906 3192; x_wconf 85' lang='lat' dir='ltr'>Festum.</span> <span class='ocrx_word' id='word_1_255' title='bbox 926 3134 1061 3196; x_wconf 72' lang='lat' dir='ltr'>Senum.</span> <span class='ocrx_word' id='word_1_256' title='bbox 1239 3195 1242 3198; x_wconf 13' lang='lat' dir='ltr'>a</span> 
     </span>
     <span class='ocr_line' id='line_1_36' title="bbox 213 3213 1248 3295; baseline 0.002 -20"><span class='ocrx_word' id='word_1_257' title='bbox 213 3245 219 3262; x_wconf 85' lang='lat'><em>=</em></span> <span class='ocrx_word' id='word_1_258' title='bbox 328 3216 375 3275; x_wconf 89' lang='lat' dir='ltr'>lin.</span> <span class='ocrx_word' id='word_1_259' title='bbox 396 3238 442 3291; x_wconf 87' lang='lat'>24.</span> <span class='ocrx_word' id='word_1_260' title='bbox 461 3215 548 3295; x_wconf 80' lang='lat' dir='ltr'>Potest</span> <span class='ocrx_word' id='word_1_261' title='bbox 562 3217 593 3274; x_wconf 86' lang='lat' dir='ltr'>id</span> <span class='ocrx_word' id='word_1_262' title='bbox 604 3218 638 3274; x_wconf 82' lang='lat' dir='ltr'>ab</span> <span class='ocrx_word' id='word_1_263' title='bbox 654 3213 787 3293; x_wconf 75' lang='lat' dir='ltr'>arbitrio]</span> <span class='ocrx_word' id='word_1_264' title='bbox 800 3215 893 3276; x_wconf 90' lang='lat' dir='ltr'>Varro</span> <span class='ocrx_word' id='word_1_265' title='bbox 905 3215 966 3275; x_wconf 77' lang='lat' dir='ltr'>vult</span> <span class='ocrx_word' id='word_1_266' title='bbox 976 3214 1105 3276; x_wconf 86' lang='lat' dir='ltr'>accensos</span> <span class='ocrx_word' id='word_1_267' title='bbox 1115 3213 1248 3277; x_wconf 73' lang='lat' dir='ltr'>dietosab</span> 
     </span>
     <span class='ocr_line' id='line_1_37' title="bbox 288 3293 1248 3377; baseline -0.001 -19"><span class='ocrx_word' id='word_1_268' title='bbox 288 3298 417 3358; x_wconf 87' lang='lat' dir='ltr'>arbitrio:</span> <span class='ocrx_word' id='word_1_269' title='bbox 438 3296 514 3377; x_wconf 90' lang='lat' dir='ltr'>quod</span> <span class='ocrx_word' id='word_1_270' title='bbox 528 3293 649 3358; x_wconf 86' lang='lat' dir='ltr'>Censere</span> <span class='ocrx_word' id='word_1_271' title='bbox 668 3296 735 3355; x_wconf 90' lang='lat' dir='ltr'>olim</span> <span class='ocrx_word' id='word_1_272' title='bbox 755 3294 918 3377; x_wconf 81' lang='lat' dir='ltr'>significaret</span> <span class='ocrx_word' id='word_1_273' title='bbox 937 3297 1068 3357; x_wconf 85' lang='lat' dir='ltr'>arbitrari.</span> <span class='ocrx_word' id='word_1_274' title='bbox 1088 3294 1135 3358; x_wconf 82' lang='lat' dir='ltr'>Sic</span> <span class='ocrx_word' id='word_1_275' title='bbox 1149 3297 1183 3356; x_wconf 90' lang='lat' dir='ltr'>de</span> <span class='ocrx_word' id='word_1_276' title='bbox 1193 3298 1248 3359; x_wconf 91' lang='lat' dir='ltr'>Vi-</span> 
     </span>
     <span class='ocr_line' id='line_1_38' title="bbox 287 3376 1250 3471; baseline -0.005 -32"><span class='ocrx_word' id='word_1_277' title='bbox 287 3397 317 3440; x_wconf 85' lang='lat' dir='ltr'>ta</span> <span class='ocrx_word' id='word_1_278' title='bbox 332 3400 400 3461; x_wconf 88' lang='lat' dir='ltr'>pop.</span> <span class='ocrx_word' id='word_1_279' title='bbox 413 3376 497 3437; x_wconf 88' lang='lat' dir='ltr'>Rom.</span> <span class='ocrx_word' id='word_1_280' title='bbox 508 3380 600 3460; x_wconf 73' lang='lat' dir='ltr'>Itaque</span> <span class='ocrx_word' id='word_1_281' title='bbox 613 3381 684 3456; x_wconf 79' lang='lat' dir='ltr'>quod</span> <span class='ocrx_word' id='word_1_282' title='bbox 698 3379 747 3441; x_wconf 81' lang='lat' dir='ltr'>bos</span> <span class='ocrx_word' id='word_1_283' title='bbox 760 3378 872 3437; x_wconf 83' lang='lat' dir='ltr'>arbitros</span> <span class='ocrx_word' id='word_1_284' title='bbox 888 3380 1053 3459; x_wconf 81' lang='lat' dir='ltr'>instituerunt</span> <span class='ocrx_word' id='word_1_285' title='bbox 1061 3379 1165 3471; x_wconf 70' lang='lat' dir='ltr'>populi,</span> <span class='ocrx_word' id='word_1_286' title='bbox 1181 3381 1250 3440; x_wconf 83' lang='lat' dir='ltr'>Cen·</span> 
     </span>
     <span class='ocr_line' id='line_1_39' title="bbox 280 3458 1247 3543; baseline 0.003 -27"><span class='ocrx_word' id='word_1_287' title='bbox 280 3462 355 3543; x_wconf 76' lang='lat' dir='ltr'>fines</span> <span class='ocrx_word' id='word_1_288' title='bbox 370 3460 545 3540; x_wconf 79' lang='lat' dir='ltr'>appellarunt.</span> <span class='ocrx_word' id='word_1_289' title='bbox 566 3460 716 3520; x_wconf 82' lang='lat' dir='ltr'>[demmin</span> <span class='ocrx_word' id='word_1_290' title='bbox 728 3459 802 3519; x_wconf 81' lang='lat' dir='ltr'>ualet</span> <span class='ocrx_word' id='word_1_291' title='bbox 822 3458 919 3538; x_wconf 82' lang='lat' dir='ltr'>censere</span> <span class='ocrx_word' id='word_1_292' title='bbox 939 3461 1108 3520; x_wconf 68' lang='lat' dir='ltr'>&amp;arbitrari</span> <span class='ocrx_word' id='word_1_293' title='bbox 1131 3463 1169 3518; x_wconf 78' lang='lat' dir='ltr'>At</span> <span class='ocrx_word' id='word_1_294' title='bbox 1189 3459 1247 3519; x_wconf 82' lang='lat' dir='ltr'>Re·</span> 
     </span>
     <span class='ocr_line' id='line_1_40' title="bbox 286 3540 1250 3622; baseline -0.003 -19"><span class='ocrx_word' id='word_1_295' title='bbox 286 3562 349 3603; x_wconf 92' lang='lat' dir='ltr'>rum</span> <span class='ocrx_word' id='word_1_296' title='bbox 363 3543 543 3601; x_wconf 89' lang='lat' dir='ltr'>humanarum</span> <span class='ocrx_word' id='word_1_297' title='bbox 568 3540 615 3601; x_wconf 87' lang='lat' dir='ltr'>lib.</span> <span class='ocrx_word' id='word_1_298' title='bbox 635 3561 693 3603; x_wconf 84' lang='lat'>20:</span> <span class='ocrx_word' id='word_1_299' title='bbox 712 3540 836 3622; x_wconf 69' lang='lat' dir='ltr'>Confisus</span> <span class='ocrx_word' id='word_1_300' title='bbox 855 3562 888 3600; x_wconf 86' lang='lat' dir='ltr'>ac</span> <span class='ocrx_word' id='word_1_301' title='bbox 904 3541 1032 3602; x_wconf 80' lang='lat' dir='ltr'>Praetures</span> <span class='ocrx_word' id='word_1_302' title='bbox 1048 3541 1093 3621; x_wconf 80' lang='lat' dir='ltr'>qui</span> <span class='ocrx_word' id='word_1_303' title='bbox 1105 3544 1250 3622; x_wconf 83' lang='lat' dir='ltr'>sequuntur</span> 
     </span>
     <span class='ocr_line' id='line_1_41' title="bbox 287 3620 1302 3704; baseline -0.001 -22"><span class='ocrx_word' id='word_1_304' title='bbox 287 3625 316 3682; x_wconf 93' lang='lat' dir='ltr'>in</span> <span class='ocrx_word' id='word_1_305' title='bbox 339 3626 441 3704; x_wconf 76' lang='lat' dir='ltr'>castra,</span> <span class='ocrx_word' id='word_1_306' title='bbox 470 3623 568 3698; x_wconf 84' lang='lat' dir='ltr'>accrnfi</span> <span class='ocrx_word' id='word_1_307' title='bbox 588 3624 672 3696; x_wconf 75' lang='lat' dir='ltr'>diui,</span> <span class='ocrx_word' id='word_1_308' title='bbox 694 3627 765 3703; x_wconf 86' lang='lat' dir='ltr'>quod</span> <span class='ocrx_word' id='word_1_309' title='bbox 787 3625 825 3680; x_wconf 84' lang='lat' dir='ltr'>ad</span> <span class='ocrx_word' id='word_1_310' title='bbox 849 3620 1004 3701; x_wconf 76' lang='lat' dir='ltr'>neceffnrios</span> <span class='ocrx_word' id='word_1_311' title='bbox 1029 3645 1070 3680; x_wconf 84' lang='lat' dir='ltr'>res</span> <span class='ocrx_word' id='word_1_312' title='bbox 1093 3624 1248 3697; x_wconf 83' lang='lat' dir='ltr'>acciuntur,</span> <span class='ocrx_word' id='word_1_313' title='bbox 1269 3630 1272 3639; x_wconf 90' lang='lat'>&#39;</span> <span class='ocrx_word' id='word_1_314' title='bbox 1298 3633 1302 3640; x_wconf 91' lang='grc'><em>“</em></span> 
     </span>
     <span class='ocr_line' id='line_1_42' title="bbox 287 3700 1249 3783; baseline -0.001 -20"><span class='ocrx_word' id='word_1_315' title='bbox 287 3706 359 3765; x_wconf 78' lang='lat' dir='ltr'>vesus</span> <span class='ocrx_word' id='word_1_316' title='bbox 379 3702 503 3783; x_wconf 74' lang='lat' dir='ltr'>acsenfiti.</span> <span class='ocrx_word' id='word_1_317' title='bbox 525 3700 584 3761; x_wconf 90' lang='lat' dir='ltr'>Ubi</span> <span class='ocrx_word' id='word_1_318' title='bbox 605 3701 683 3763; x_wconf 76' lang='lat' dir='ltr'>vides</span> <span class='ocrx_word' id='word_1_319' title='bbox 703 3701 912 3763; x_wconf 84' lang='lat' dir='ltr'>inconstantiam</span> <span class='ocrx_word' id='word_1_320' title='bbox 929 3703 1071 3764; x_wconf 83' lang='lat' dir='ltr'>Varronis.</span> <span class='ocrx_word' id='word_1_321' title='bbox 1095 3701 1193 3781; x_wconf 84' lang='lat' dir='ltr'>Quare</span> <span class='ocrx_word' id='word_1_322' title='bbox 1210 3705 1249 3762; x_wconf 77' lang='lat' dir='ltr'>ita</span> 
     </span>
     <span class='ocr_line' id='line_1_43' title="bbox 288 3771 1250 3866; baseline -0.003 -19"><span class='ocrx_word' id='word_1_323' title='bbox 288 3786 436 3848; x_wconf 84' lang='lat' dir='ltr'>obscurum</span> <span class='ocrx_word' id='word_1_324' title='bbox 461 3785 534 3850; x_wconf 84' lang='lat' dir='ltr'>hunc</span> <span class='ocrx_word' id='word_1_325' title='bbox 554 3783 669 3862; x_wconf 86' lang='lat' dir='ltr'>locum,</span> <span class='ocrx_word' id='word_1_326' title='bbox 695 3784 766 3845; x_wconf 89' lang='lat' dir='ltr'>unde</span> <span class='ocrx_word' id='word_1_327' title='bbox 790 3783 854 3844; x_wconf 87' lang='lat' dir='ltr'>satis</span> <span class='ocrx_word' id='word_1_328' title='bbox 871 3784 954 3866; x_wconf 82' lang='lat' dir='ltr'>digne</span> <span class='ocrx_word' id='word_1_329' title='bbox 978 3803 1036 3846; x_wconf 91' lang='lat' dir='ltr'>non</span> <span class='ocrx_word' id='word_1_330' title='bbox 1055 3784 1085 3847; x_wconf 87' lang='lat' dir='ltr'>sc</span> <span class='ocrx_word' id='word_1_331' title='bbox 1104 3771 1250 3847; x_wconf 78' lang='lat' dir='ltr'>extricavit</span> 
     </span>
    </p>
   </div>
   <div class='ocr_carea' id='block_1_7' title="bbox 0 0 1428 4567">
    <p class='ocr_par' dir='ltr' id='par_1_13' title="bbox 0 0 1428 4567">
     <span class='ocr_line' id='line_1_44' title="bbox 0 0 1428 4567; baseline 0 0"><span class='ocrx_word' id='word_1_332' title='bbox 0 0 1428 4567; x_wconf 95' lang='lat' dir='ltr'> </span> 
     </span>
    </p>
   </div>
  </div>
 </body>
</html>
