2834 4567
265 365 313 467 32
470 390 518 476 u.
542 335 765 461 retentu
786 386 1020 461 vannonu

267 569 364 645 ptus,
378 543 425 618 ibi
440 547 598 621 Mamers.
610 537 775 638 Quirinus
788 567 806 616 a
820 541 1021 637 Quiritibus.
1033 539 1170 634 Virtus,
1186 560 1223 619 ut

267 658 335 732 viri
351 656 451 746 vis,a
465 656 634 730 virilitate.
648 658 771 729 Honos
788 658 830 729 ab
849 657 993 730 honesto
1005 658 1144 731 honere.
1157 661 1223 731 lta-

267 790 337 860 que
355 751 524 860 Hoirestus
543 764 686 855 dicitur,
704 767 802 862 quod
819 767 1020 856 honeratus;
1042 769 1080 842 δι
1098 767 1223 841 diuum

269 874 394 948 Honus
409 872 456 946 est
469 872 672 972 honos,qui
690 871 823 946 lullinet
836 873 1085 969 rempublicam.
1102 875 1225 948 Casto·

268 984 315 1058 ris
329 1010 455 1070 nomen
469 990 647 1076 Graecum,
662 988 700 1060 δι
717 983 865 1060 Pollucis
880 1010 899 1058 a
912 984 1062 1058 Graeceis
1083 985 1120 1058 in
1134 985 1226 1058 Lati-

268 1094 341 1166 neis
365 1093 492 1167 litereis
514 1093 683 1166 veteribus
711 1101 855 1183 nomen,
873 1093 967 1188 quod
989 1093 1056 1181 est,
1071 1092 1227 1166 inscribi·
1360 1139 1362 1144 .

269 1223 345 1293 tur,
363 1223 403 1275 ut
423 1216 626 1291 nonnarum,
644 1205 821 1296 Polluces,
841 1229 935 1293 non,
953 1222 992 1276 ut
1011 1229 1123 1292 nunc,
1146 1205 1227 1278 Pol·

269 1311 341 1386 lux.
358 1312 555 1386 Concordia
574 1338 594 1385 a
613 1314 718 1387 corde
739 1332 959 1413 congruente.
978 1314 1143 1400 Feronia,
1159 1315 1228 1387 Mi·

270 1444 396 1511 nerva,
405 1417 607 1498 Novensiles
619 1447 638 1494 a
652 1422 811 1496 Sabineis.
827 1422 929 1518 paulo
943 1423 1039 1495 aliter
1051 1424 1094 1496 ab
1105 1424 1227 1497 eisdem

271 1530 417 1604 dicimus
434 1533 573 1621 haam,
586 1532 741 1623 Veliam,
761 1533 931 1621 Salutem,
950 1536 1083 1607 Fortem
1107 1536 1230 1606 Fortu·

272 1668 374 1732 nam,
393 1642 518 1718 Fidem.
533 1646 579 1717 Ea
594 1669 630 1743 re
645 1646 848 1717 Sabinorum
864 1645 1011 1742 linguam
1027 1643 1138 1724 olent,
1153 1668 1230 1741 quaa

273 1751 366 1828 Tatii
387 1754 475 1853 regis
497 1771 586 1827 voto
606 1753 682 1827 sunt
696 1755 817 1827 Romae
833 1753 996 1828 didicatae.
1011 1755 1097 1824 Nam
1112 1771 1151 1824 ut
1168 1776 1231 1825 an·

273 1859 367 1932 nales
379 1860 518 1948 dicunt,
532 1861 636 1934 vovit
651 1860 723 1956 Opi
731 1914 745 1948 ‚
758 1861 959 1956 Floraeque3
973 1860 1105 1946 Diovi,
1118 1859 1232 1932 Satur·

274 1991 412 2064 noque;
430 1967 522 2057 Soli,
542 1971 736 2066 Lunaque3
758 1969 938 2052 Volcano,
961 1969 1233 2062 Summanoque:

273 2077 422 2172 itemque
434 2077 617 2164 Larundae,
631 2077 798 2149 Termino
808 2131 819 2165 ,
831 2076 1005 2169 Quirino,
1023 2079 1232 2166 Vortumno,

274 2184 436 2272 Laribus,
458 2182 602 2272 Diana,
625 2183 878 2280 Cloacinaeque.
902 2186 929 2256 E
951 2182 1045 2281 queis
1068 2185 1233 2258 nonnulla

276 2291 417 2368 nomina
430 2290 466 2364 in
483 2310 628 2388 utraque
644 2292 757 2391 lingua
772 2292 896 2367 habent
913 2289 1060 2380 radices;
1074 2314 1112 2368 ut
1130 2295 1233 2369 arbo·

213 2453 216 2462 .
256 2415 432 2497 'res,quae
446 2397 482 2472 in
492 2398 764 2500 confinionatae,
779 2400 815 2473 in
829 2420 977 2501 utroque
990 2427 1072 2500 agro
1087 2401 1234 2499 serpunt.
1324 2455 1327 2470 .

277 2508 391 2581 Potest
409 2507 499 2585 enim
515 2506 578 2581 else
596 2510 759 2582 Saturnus
778 2508 854 2583 heic
877 2510 998 2584 aliaue
1017 2508 1113 2587 causa
1128 2511 1235 2584 didus

277 2638 378 2714 atque
402 2616 440 2696 in
463 2617 630 2708 Sabineis,
652 2620 691 2694 δι
713 2617 760 2694 tic
781 2620 906 2694 Diana.
926 2620 1108 2719 dequibus
1128 2618 1235 2718 supra.

247 2825 250 2830 Ι
278 2730 422 2808 Diuum
438 2731 506 2822 est,
520 2734 620 2830 quod
633 2732 676 2806 ad
694 2731 914 2805 immortaleis
927 2733 1235 2829 attinerzdeinceps

279 2839 376 2936 quod
388 2838 431 2913 ad
442 2840 613 2916 mortaleis
627 2842 766 2929 attinet,
780 2842 966 2919 videamus.
980 2847 1018 2920 δι
1034 2844 1077 2918 de
1092 2844 1145 2916 his
1159 2845 1236 2915 ani·

280 2948 382 3022 maiia
395 2946 431 3022 in
450 2948 557 3023 tribus
571 2950 696 3042 loccis,
709 2952 804 3048 quod
823 2951 899 3025 sunt
917 2953 953 3027 in
971 2977 1063 3043 aere,
1076 2952 1112 3024 iri
1126 2977 1237 3049 aqua,

281 3058 318 3134 in
330 3080 438 3132 terra:
450 3084 469 3132 a
482 3059 608 3132 summa
623 3082 717 3157 parte
728 3061 770 3133 ad
783 3059 932 3135 infimam
949 3062 1156 3136 descendam.
1169 3062 1237 3136 Pri·

281 3193 376 3243 orum
396 3169 569 3244 nominem
580 3169 687 3244 Alites
705 3172 748 3243 ab
767 3171 866 3248 ateis:
881 3174 1046 3251 Volucres
1056 3173 1111 3248 alii
1128 3198 1147 3245 a
1170 3196 1237 3245 vo·

281 3279 366 3354 latu.
378 3278 500 3354 deinde
513 3279 707 3378 generatim.
718 3282 853 3357 Dcheis
864 3282 1158 3385 pleraequeasueis
1171 3305 1239 3353 vo·

212 3471 215 3482 Ι
282 3386 401 3477 cibus,
413 3406 451 3460 ut
464 3389 538 3479 hae,
552 3393 693 3488 Upupa,
705 3391 872 3476 Cuculus,
887 3391 1045 3480 Corvus,
1059 3390 1238 3479 Hirundo,

282 3493 406 3580 Ulula,
418 3495 531 3580 Rubor
546 3495 624 3570 item
636 3498 714 3589 ha,
725 3499 843 3590 Pavo,
857 3499 981 3588 Anser,
998 3497 1152 3587 Gallina,
1165 3496 1239 3570 Co·

173 3620 177 3629 ·
283 3601 407 3679 lumba·
420 3603 507 3679 Sunt
518 3630 595 3706 quae
608 3595 702 3682 alieis
715 3608 756 3682 de
768 3607 893 3683 causeis
905 3606 1097 3706 appellatae;
1112 3625 1149 3678 ut
1163 3606 1239 3676 No·

284 3712 378 3800 etna,
393 3711 489 3809 quod
502 3716 606 3790 nodtu
620 3716 733 3807 canit,
749 3743 787 3792 ac
807 3718 945 3816 uigilata
959 3714 1130 3804 Lusciola,
1143 3713 1239 3812 quod
1272 3767 1288 3778 -
1383 3749 1387 3760 ·

284 3823 434 3904 luctuose
443 3817 791 3923 canere'existimatur,
800 3828 1019 3930 atqueeslecx
1034 3825 1145 3905 Attica
1153 3827 1239 3902 Pto·
