2834 4567
431 345 971 425 tnrranunrrv.
1058 436 1069 457 ,x
1136 378 1171 428 n

210 507 257 570 sed
280 526 373 570 tamen
390 511 483 588 potius
505 510 623 570 calana
640 509 719 582 calo,
740 530 824 590 quam
844 511 933 571 cadam
949 532 967 570 a
982 511 1099 572 calando
1113 512 1178 593 pos·

149 656 155 671 κ
209 589 249 651 set
262 590 371 652 deduci.
387 593 420 653 δι
436 592 533 653 caelum
551 591 627 672 quasi
645 590 763 651 celatum
785 592 877 674 potuit
901 593 975 668 dici,
992 594 1068 674 quod
1091 595 1175 656 inter·

169 672 175 693 ”
209 672 259 733 diu
273 671 432 735 siellae'non
445 688 589 754 apparent.
608 672 739 737 POPMA.
1049 710 1051 715 ,

251 755 299 818 lin.
320 755 349 817 ό.
366 756 428 837 Ego
445 758 529 836 magis
544 773 610 835 puro
626 778 646 815 a
662 757 729 814 chao
743 753 868 837 cavum]
889 754 960 816 Haec
975 755 1106 837 scriptura
1121 759 1175 818 mi·

208 833 285 897 rifiee
294 837 362 896 mihi
373 835 513 917 probatur.
526 835 557 897 ln
572 839 692 918 antiquis
706 856 779 897 vero
796 837 874 897 libris
889 838 996 919 reperio
1006 882 1016 909 ‚
1025 861 1044 895 a
1058 841 1125 898 clauo
1137 862 1178 900 co·

208 937 287 989 runt,
304 935 333 978 ut
345 917 468 978 librarius
480 916 591 978 sonasse
607 921 697 978 rodum
710 916 827 980 scribere
842 918 971 979 voluerit.
985 918 1062 980 Nam
1072 962 1082 993 ‚
1091 937 1122 980 ut
1138 924 1178 981 ait

206 995 321 1067 Festus,
340 1001 438 1061 Cohunr
449 1018 533 1079 poeta
553 1001 642 1061 calum
657 1018 826 1060 vocaverant.
846 998 921 1060 lnsra
939 1018 1032 1060 tamen
1051 1000 1176 1063 Varroni

207 1098 302 1140 conam
315 1082 342 1139 in
357 1099 449 1142 aratro
467 1084 630 1143 nominatur.
653 1080 685 1141 ln
702 1080 887 1164 antiquissimo
901 1082 970 1141 libro
983 1081 1119 1143 clarissimi
1135 1086 1177 1142 ri·

206 1160 359 1251 rrlrerrici
382 1162 508 1224 Memmii
533 1165 571 1224 ita
597 1162 726 1246 scriptum
741 1165 843 1247 reperi,
866 1183 930 1224 cous
945 1165 996 1245 est,
1016 1184 1068 1245 quo
1088 1165 1178 1226 caelrrm

208 1244 372 1319 continetur3
395 1245 467 1306 unde
489 1244 610 1311 Ennius:

253 1327 309 1385 er
317 1326 405 1409 solunt
426 1328 550 1409 complere
566 1347 639 1390 coum
653 1326 791 1386 terroribus
811 1325 880 1390 cali.

206 1400 255 1465 Est
271 1407 303 1468 &
316 1409 438 1470 cortona
454 1409 538 1489 calyx
552 1408 620 1471 rosae
640 1407 731 1469 adhuc
747 1411 904 1471 connivens
923 1409 956 1471 &
972 1408 1085 1471 clausus.
1100 1408 1174 1470 Ver·

204 1486 242 1546 ba
258 1486 318 1548 sunt
338 1491 441 1571 antiqui
456 1491 551 1564 letrici,
568 1491 711 1561 cornum,
733 1488 831 1569 κάλυξ
846 1488 928 1570 ῥόθου
942 1492 1088 1568 μεμυκὼς.
1101 1489 1174 1552 Scri·
1270 1504 1279 1525 ⁸

205 1567 279 1628 bitur
296 1569 472 1643 &mairam
485 1590 502 1628 a
515 1569 711 1639 connivendo,
726 1586 756 1628 ut
770 1590 841 1630 reor.
860 1569 1015 1632 TURNEB.

246 1660 292 1720 lin.
308 1681 337 1743 9.
355 1662 447 1741 Itaque
467 1662 534 1721 dicit
552 1660 760 1733 Andromacha,
776 1662 905 1739 Nodique
926 1682 995 1721 caua
1009 1661 1088 1743 &c.]
1111 1664 1178 1724 An·

205 1741 345 1804 dromacha
360 1743 444 1805 nofli:
453 1744 609 1822 Quaecara.
620 1763 654 1802 ex
671 1740 742 1801 felici
756 1739 881 1802 audacia.
902 1742 1094 1804 AUGUSTIN.
1106 1744 1178 1803 Scri.

205 1821 264 1885 bo:
279 1820 369 1886 Noilu
386 1845 443 1905 quae
457 1848 526 1886 cava
550 1806 614 1885 casi-
636 1823 789 1887 TURNEB.
802 1819 1002 1885 scribendum:
1023 1825 1116 1905 Itaque
1131 1826 1178 1899 ai<

204 1904 243 1966 cit
261 1906 430 1966 Andromeda
447 1907 534 1969 nosli:
1283 1918 1288 1928 '

247 1999 314 2075 Qua
329 2019 398 2058 cava
412 1997 470 2059 cali
480 1997 700 2079 fignitenentibus

247 2079 362 2156 Conficis
377 2079 455 2160 bigis.

205 2164 275 2231 Sunt
293 2172 365 2231 enirn
383 2169 550 2252 Anapaestici
570 2193 605 2231 ex
625 2167 809 2232 Andromeda
828 2168 929 2231 Ennii:
944 2188 1029 2251 quarn
1053 2167 1176 2231 fabulam

208 2252 291 2311 verrit
310 2273 344 2313 cx
357 2252 497 2331 Euripide.
513 2252 546 2314 ld
560 2271 654 2313 autem
673 2250 868 2331 cognoscimus
881 2270 917 2311 ex
931 2251 1055 2313 dramate
1068 2249 1177 2312 Aristo·

204 2331 320 2413 phanis,
334 2335 377 2394 cui
403 2354 506 2394 nomen
529 2332 818 2415 Θεσμοφοριᾶζονσισ.
845 2331 879 2392 ln
899 2353 933 2393 ea
953 2331 1044 2392 sabula
1066 2331 1176 2393 Aristo.

204 2413 310 2494 phanes
323 2435 400 2476 more
415 2414 468 2475 suo
485 2413 648 2495 Euripidem
667 2412 825 2475 insesiarur:
846 2414 877 2473 δι
894 2411 1000 2492 exejus
1016 2432 1105 2494 poerae
1117 2417 1176 2474 An·

207 2492 342 2558 dromeda
359 2495 515 2580 napadr'ar
532 2496 669 2567 confecit,
704 2514 739 2553 ua
758 2495 904 2559 hominem
926 2494 992 2553 salse
1012 2494 1126 2556 deridet.
1141 2495 1174 2555 ln

203 2576 254 2635 iliis
270 2580 364 2659 igitur,
379 2598 441 2659 quae
453 2579 579 2638 dicuntur
593 2599 626 2638 ex
640 2515 757 2658 persona
775 2574 1128 2652 Andromedae‚lrabennrr
1140 2575 1175 2640 ἃ
1260 2626 1266 2641 r

202 2656 283 2731 haec,
298 2681 333 2719 ex
352 2659 454 2741 quibus
467 2658 565 2721 Latina
590 2658 669 2722 versa
687 2657 763 2720 sunt:
1120 2678 1123 2683 ‘

248 2786 283 2799 -
304 2744 326 2814 ri)
344 2751 394 2833 νὺξ
412 2751 494 2835 ἱερὰ,

242 2832 382 2915 iiparcpir
399 2829 544 2911 ἵππευμα
562 2829 695 2903 dtrircetr,

243 2914 435 2998 &crepundia
454 2913 532 2977 vaira
550 2911 712 2995 droperiauc’

244 2994 357 3078 αἰθέρος
375 2996 452 3081 ἱερᾶς
469 3032 474 3043 =

243 3074 295 3138 τοῦ
315 3078 492 3164 σεμνοτάτου
512 3074 554 3138 dr’
576 3074 717 3156 ὖλὺμπου.

202 3163 329 3229 Cirantur
346 3170 377 3231 ὁ(
395 3170 432 3230 ab
452 3172 601 3249 interprete
620 3166 762 3230 Theocriti
772 3170 800 3226 in
814 3164 1044 3227 pharmaceutiia.
1062 3164 1105 3227 Ex
1116 3167 1173 3249 qui·

202 3248 255 3310 bus
273 3267 407 3332 apparet,
424 3272 480 3314 non
505 3250 727 3324 Andromacha,
742 3248 789 3309 sed
810 3248 1047 3323 Andromeda,ie
1067 3250 1171 3310 endum

201 3329 265 3393 effe.
283 3353 427 3414 utramque
447 3334 521 3394 enim
545 3329 648 3413 scripsit
669 3329 780 3391 Ennius.
797 3328 852 3391 sed
872 3330 1020 3411 quemadm
1062 3353 1108 3392 um
1125 3331 1173 3392 hic

202 3412 404 3475 Andromacha
420 3436 471 3496 pro
487 3412 685 3474 Andromeda:
703 3415 741 3472 ita
757 3412 841 3471 etiam
862 3411 925 3472 alibi
941 3429 1037 3474 contra
1053 3412 1172 3474 Andro-

201 3496 303 3571 meda,
316 3516 370 3577 pro
385 3497 601 3567 Andromacham
620 3511 651 3555 ut
668 3493 744 3574 apud
766 3490 891 3554 Nonium
908 3492 1040 3556 mendose
1057 3514 1094 3557 ex
1110 3494 1172 3555 An·

200 3575 334 3639 dromeda
353 3580 451 3640 citatur
467 3579 511 3638 hic
529 3576 637 3637 versus:

241 3672 316 3733 Nam
334 3672 380 3733 abi
394 3672 537 3732 intranea
554 3671 606 3753 esi,
621 3690 778 3754 premorque
792 3687 823 3731 ut
838 3668 973 3746 lavarent,
989 3668 1121 3731 collocant
1141 3663 1172 3726 in

200 3852 266 3897 euru
281 3832 314 3898 fit
337 3755 603 3905 exiiiididmacha.
624 3834 701 3925 quod
723 3832 915 3920 cognoscimus
932 3853 968 3896 ex
990 3828 1177 3915 Euripidem
1210 3810 1214 3827 ’
