2834 4567
287 334 328 408 18
622 333 914 406 NOTAE

319 496 367 555 lin.
393 494 428 556 16
445 492 483 574 sq.
500 495 583 572 Quod
597 496 707 573 primunt
723 515 757 553 ex
783 513 847 574 agro
865 491 950 573 plano
963 490 1069 572 stulius
1086 493 1244 577 capiebant‚‘

218 626 238 657 x
282 575 522 655 comparaturum
541 574 638 656 Inepta
655 572 694 634 eli
709 573 769 634 hac
787 572 980 655 etymologia,
998 571 1067 633 sicut
1081 574 1160 635 &de
1177 594 1246 658 agro
1294 566 1301 594 ¹

279 657 400 730 culto‚a
421 657 601 717 coalescendo
621 658 713 735 potius
732 675 816 736 quam
832 676 850 714 a
866 653 993 716 colendo.
1016 652 1098 716 Siculi
1121 658 1245 725 circum,

278 759 326 798 aur
341 736 580 820 hippodromum,
604 738 723 815 taqenit
740 735 900 809 vocabant,
916 757 932 796 a
950 734 1021 796 liexu
1040 756 1194 816 equorum,
1213 739 1246 798 δι

301 820 494 901 uadrigurrrm,
510 839 571 900 quae
591 819 629 878 ibi
653 816 803 880 certabant.
828 816 896 877 Inde
920 817 1015 876 omnia
1032 816 1110 896 plana
1129 819 1247 895 eeuaol

210 912 225 945 ’ν
277 840 339 960 itti
351 920 459 980 :poetae
478 916 582 961 vocant
601 920 701 982 equora
719 915 797 961 terra.
812 896 897 958 Unde
915 895 1174 977 immunera.
1192 897 1247 960 Pa-

278 982 379 1042 cuvius
397 979 536 1054 Tantalo,
560 985 659 1041 citante
677 979 793 1040 Nonio:

321 1063 475 1124 Extremum
498 1062 569 1121 intra
586 1080 755 1140 temptarem,
780 1059 865 1141 ipsum

320 1143 383 1205 lara
396 1145 569 1224 progreditur
590 1142 817 1220 Parthentpoeum.
835 1141 969 1221 Seque.

319 1225 368 1285 lin
392 1244 438 1303 25.
455 1225 563 1284 Fundat
579 1240 702 1305 quotquot
720 1221 850 1299 anneis]
868 1220 912 1283 lta
926 1238 1035 1282 veteres
1051 1221 1240 1302 loquebantur.
1297 1230 1303 1241 ⁴

279 1302 386 1367 Gellius
402 1306 449 1366 lib.
464 1305 503 1365 6:
526 1306 571 1365 Ut
593 1300 819 1383 Carthaginienses
840 1319 965 1385 quotquot
983 1304 1064 1362 annis
1088 1305 1182 1364 darem
1192 1327 1244 1386 po·

277 1384 343 1469 pulo
368 1389 444 1446 Rom.
470 1402 562 1444 certum
589 1386 693 1463 pondus
720 1383 822 1464 argenti
840 1382 901 1463 puri
925 1385 994 1464 puti.
1016 1382 1111 1444 Varro
1133 1385 1179 1446 lib.
1206 1385 1253 1448 82'

281 1469 419 1547 Quotquot
437 1468 518 1524 annis
538 1468 625 1525 eodem
649 1469 724 1527 modo
748 1466 871 1525 exoritur.
896 1462 1027 1531 Similiter
1054 1465 1141 1526 infra:
1160 1469 1247 1525 Sacra

279 1565 402 1627 quotquot
418 1548 543 1624 menfiius
551 1549 675 1627 seruntur
687 1548 717 1606 in
732 1567 824 1606 arcem
843 1547 874 1606 δι
884 1545 929 1605 lib.
952 1566 967 1627 q
996 1545 1030 1607 tle
1047 1544 1091 1607 Re
1106 1543 1170 1607 rull.
1186 1549 1247 1607 Pa·

274 1628 547 1769 qlqrernocolunrbarie
574 1646 700 1710 quotquot
731 1627 861 1706 menfibus
888 1627 973 1688 crebro
1000 1646 1101 1710 oportet
1131 1649 1248 1692 everrere.

311 1729 432 1771 oratius:

321 1791 388 1850 Non
396 1794 424 1870 fi
437 1792 572 1863 trecentis,
588 1806 713 1870 quotquot
729 1808 791 1848 eunt
805 1784 872 1862 dies,
937 1834 941 1841 .

321 1872 433 1946 Amice,
450 1873 538 1953 places
555 1870 768 1929 illaerumabt'lern
784 1869 903 1931 Plutona
925 1870 1021 1931 tauris.

281 1950 390 2024 Porro,
405 1973 470 2012 cum
487 1953 532 2012 hic
547 1950 616 2010 duas
637 1950 822 2032 etymologias
839 1948 928 2011 Fundi
949 1951 1039 2011 tradat
1062 1949 1171 2027 Varro,
1188 1968 1248 2013 ter·

280 2035 346 2174 gg?
364 2032 428 2093 alibi
440 2033 547 2105 retulit,
564 2051 648 2112 quam
658 2029 762 2093 Cicero
778 2028 874 2094 festive
884 2030 963 2092 illusit
973 2035 1003 2093 in
1016 2031 1129 2121 joculari
1141 2033 1246 2109 libello,

355 2131 496 2173 carmine:

322 2196 446 2254 Fundurrt
464 2195 547 2253 Varro
562 2211 658 2263 vocat,
676 2213 750 2273 quent
763 2191 853 2271 poffrnt
869 2193 965 2255 mittere
976 2193 1083 2273 fitnda:

363 2278 406 2335 Ni
423 2293 508 2334 tanren
526 2274 669 2347 exciderit,
690 2274 914 2356 quatauafitnda
925 2294 1007 2354 patet.
1020 2276 1152 2339 ΡΟΡΜΔ.
1190 2284 1196 2293 ’

321 2354 370 2416 litt.
391 2377 436 2439 29.
453 2358 536 2435 Quod
551 2358 645 2436 inde]
661 2355 755 2438 Marg.
775 2354 846 2419 Scal.
860 2358 960 2438 quidem
982 2359 1061 2417 unde.

320 2438 365 2498 lin.
388 2457 436 2521 qo.
455 2440 517 2501 ltern
538 2438 614 2511 aliu,
627 2458 683 2517 qua
701 2441 800 2518 segetes
812 2436 939 2517 ferunt]
958 2439 1018 2499 itern
1030 2438 1095 2498 alia.
1112 2438 1180 2518 Quat
1193 2441 1245 2521 se-

277 2538 346 2601 getes
357 2516 457 2598 serunt.
474 2521 660 2581 llueust'ltt.
687 2518 837 2581 Melius&
862 2517 996 2580 intelleiiu
1018 2518 1143 2581 facilius:
1163 2523 1248 2600 Quod

274 2603 374 2682 segetes
386 2601 494 2683 ferunt,
504 2599 612 2680 fruges:
622 2623 640 2659 a
644 2598 759 2680 fruendo
766 2598 879 2681 fruiius.
895 2601 929 2658 ab
939 2602 1002 2680 spe,
1013 2600 1102 2681 [pita.
1117 2618 1147 2661 ut
1157 2603 1243 2661 edun.

277 2680 394 2751 totilla,
412 2682 545 2742 Varronis
562 2682 716 2743 enucleatio
729 2681 761 2743 &
771 2681 948 2765 etymologia
964 2701 1054 2763 prope
1067 2698 1128 2744 tota
1141 2703 1246 2765 perpe·
1341 2717 1347 2726 ·

279 2777 382 2841 tuaque
397 2764 494 2821 interit.
522 2761 673 2825 tannia.

320 2841 367 2903 lin.
384 2861 430 2923 31·
449 2843 507 2905 Ubi
522 2844 548 2904 ὁ
563 2844 682 2925 cultri]
701 2841 794 2927 Matg.
809 2842 909 2925 Scalig.
926 2842 967 2903 uti
982 2843 1043 2905 lite.

319 3114 358 3174 lin
378 3132 403 3176 t.
416 3116 450 3176 ln
461 3114 561 3196 sunno
575 2995 972 3197 mffiffimgmg·
985 3108 1088 3198 Stalig.
1106 3113 1136 3175 in
1142 3115 1245 3195 sumno

276 3217 365 3338 ‘aiiii
383 3197 440 3337 iiic.
453 3279 535 3357 Quod
549 3277 633 3367 aratri
653 3296 740 3336 vomer
751 3274 874 3359 sustollit.
886 3283 904 3358 ]
917 3275 1030 3359 fitslulit.
1048 3276 1242 3342 inausum.

320 3357 371 3417 lin.
387 3377 432 3418 tt.
457 3361 492 3419 ld
502 3360 536 3438 est
548 3359 694 3441 proflua]
710 3357 801 3441 Marg.
818 3356 917 3441 Scalig.
931 3364 1056 3439 porretla.

272 3456 276 3463 “
319 3439 367 3501 lin.
390 3459 435 3499 12.
455 3441 536 3518 Quod
541 3443 598 3519 fine
614 3462 685 3521 opere
700 3448 829 3522 parata]
852 3439 944 3522 Matg.
960 3439 1029 3501 Scal.
1046 3461 1133 3521 opera.

319 3520 364 3582 lin.
398 3540 442 3593 14.
479 3521 593 3580 Dividit
621 3525 649 3581 in
674 3544 719 3582 eos
749 3524 829 3599 agros‘
852 3524 942 3603 δια]
963 3520 1055 3581 Locus
1084 3519 1243 3583 mendosus.

280 3603 435 3664 AUGUSTI
440 3617 471 3664 N.
485 3600 679 3681 Saepenumero
692 3604 809 3677 accidit,
822 3620 852 3663 ut
866 3624 920 3662 una
939 3624 999 3663 vox
1015 3620 1144 3684 cormpta
1159 3603 1242 3664 aliam

275 3681 369 3744 secum
383 3680 472 3742 traltat
486 3682 682 3757 adventitiam,
694 3685 851 3745 &alienam
862 3703 870 3745 ε
883 3701 911 3742 ut
926 3682 970 3745 hic
986 3685 1080 3745 videre
1090 3682 1242 3762 pollumus.

278 3764 357 3825 Olim
375 3766 447 3823 enim
466 3762 520 3824 fine
541 3763 627 3824 dubio
642 3763 800 3846 praeposrtio
823 3779 860 3826 m
876 3764 921 3824 hic
943 3785 999 3825 non
1017 3764 1173 3845 legebatur:
1195 3764 1243 3826 sed

275 3845 380 3909 fabium
395 3843 454 3923 eli,
475 3862 506 3909 ut
521 3864 633 3930 propter
646 3847 765 3911 verbum
778 3846 892 3907 Dividit
900 3882 913 3921 ,1
923 3847 999 3928 quod
1013 3846 1125 3931 quidem
1143 3865 1242 3908 cortu·
