2834 4567
1015 364 1095 421 xm

58 649 61 656 ’
247 641 561 732 NOTITIA
592 644 982 740 LITERARIA

561 853 633 921 DE

152 1062 235 1180 M.
278 1001 660 1181 Tannnno
702 992 1080 1188 vnnaoina

576 1313 601 1379 E
619 1315 651 1381 X

155 1521 211 1597 Io.
226 1520 304 1594 Alb.
322 1518 465 1595 Fabricii
488 1519 699 1595 Bibliotheca
720 1519 836 1596 latina
854 1549 873 1596 a
894 1525 948 1599 Io.
971 1527 1057 1625 Aug„

213 1646 350 1721 Ernesti
367 1647 493 1721 attilius
512 1647 601 1752 edita
618 1648 662 1721 T.
681 1652 714 1735 l,
727 1647 786 1723 lib.
805 1652 839 1740 l,
854 1657 926 1747 cap.
947 1652 1021 1764 Vll.

200 2045 203 2050 ’
286 2049 375 2121 Liba·
393 2049 431 2120 de
448 2046 560 2143 limyra
576 2046 693 2120 Latina
712 2043 746 2121 δ”
753 2048 951 2147 fragmenta,

137 2181 194 2328 Ε
214 2271 335 2326 unlus
361 2253 481 2326 XXIV
504 2251 546 2324 de
568 2251 680 2351 lingua
699 2254 818 2329 Latina
838 2255 1010 2352 perierunt
1027 2275 1095 2332 tres

135 2361 264 2460 primi,
286 2386 373 2458 quos
396 2362 438 2437 ad
460 2368 502 2437 P.
530 2366 717 2457 Septimium
745 2365 955 2458 Quaestorem
983 2372 1094 2443 Varro

136 2472 293 2560 miserat,
312 2472 347 2543 in
368 2473 490 2570 quibus
513 2471 660 2545 differuit
680 2477 741 2563 περὶ
751 2479 804 2558 τῆς
820 2473 1042 2561 &formaverim
1064 2504 1093 2552 1.

138 2579 215 2680 qu'ae
230 2601 348 2657 contra
370 2607 442 2655 earn
457 2581 666 2672 dicerentur,
688 2605 720 2655 2.
739 2605 816 2679 quae
841 2606 905 2677 pro
928 2606 985 2671 ea,
1005 2586 1044 2657 δι
1059 2609 1094 2681 3.

136 2715 214 2789 quae
229 2694 270 2763 de
288 2717 325 2764 ea
347 2692 500 2789 denique.
517 2695 752 2796 Exflamr·librr
766 2698 829 2779 IV,
847 2698 891 2783 V,
911 2689 944 2766 δ’
967 2700 1017 2766 VI
1027 2748 1039 2785 ,
1057 2695 1093 2768 in
1136 2739 1139 2757 ·

138 2802 262 2894 quibus
285 2801 433 2899 origines
454 2801 539 2898 ipsas
559 2803 745 2874 verborum
761 2800 959 2874 Latinorum
983 2803 1094 2899 perse·
1242 2822 1244 2824 ’

139 2910 275 3005 quitur,
295 2913 337 2984 ad
359 2916 409 2987 M.
434 2916 572 2985 Tullium
594 2916 775 2984 Ciceronem.
790 2912 881 2983 Tum
906 2912 984 2984 liber
1005 2916 1094 3002 VII,

144 3022 254 3103 VIII,
274 3016 307 3092 Cr
330 3022 409 3110 IX,
430 3018 489 3117 qui
514 3018 588 3091 sunt
611 3019 652 3104 de
673 3016 849 3115 analogia,
864 3017 919 3092 sed
934 3017 1109 3116 perinde,¹

139 3146 181 3198 ut
205 3125 355 3223 priores,
373 3127 453 3202 hinc
475 3128 554 3200 inde
575 3128 773 3226 quibusdam
802 3127 931 3199 hiantes
955 3125 1095 3200 lacunis.

139 3234 280 3332 Reliqui
298 3234 376 3308 libri
393 3236 561 3328 unirerfi,
577 3238 722 3336 exeeptis
738 3236 911 3332 perpaucis
928 3234 1095 3332 fragmen·

139 3347 204 3438 tis,
216 3344 475 3436 interciderunt,
486 3347 522 3419 in
539 3348 660 3445 quibus
678 3347 867 3441 analogiam
886 3344 988 3440 ipsam
1003 3342 1094 3418 Lati·

140 3477 264 3548 nprunr
287 3453 534 3529 vocabulorum
559 3458 596 3529 δι
616 3452 818 3527 anomaliarn
844 3453 1092 3550 explicaveratr
1241 3501 1245 3510 ·

139 3560 260 3633 deinde
279 3559 480 3634 manaverat
500 3564 542 3636 de
559 3560 716 3661 syntaxi,
739 3560 809 3632 five
827 3564 1005 3658 quomodo
1026 3554 1094 3637 vo·
1248 3617 1252 3624 ·

140 3667 259 3741 rabula
279 3668 367 3741 inter
390 3668 424 3741 Ie
444 3669 576 3742 ratione
595 3666 773 3764 conjunila
792 3667 988 3742 sententiam
1009 3670 1093 3743 effe·

139 3773 395 3883 rant,'denique
412 3781 606 3857 differuerat
624 3783 666 3856 de
687 3782 788 3881 copia
805 3783 999 3862 verborum.
1023 3783 1093 3855 Re-
