2834 4567
244 222 248 237 l

36 268 38 291 t
154 252 163 289 i

25 568 35 603 r

25 631 36 687 i

333 268 950 412 lNiFRAGMENTA.
1049 286 1143 435 ψ’

164 495 230 558 lior.
248 498 358 579 Audiffi
366 500 397 581 fi
409 500 597 637 mllicossenes
616 497 655 558 ita
668 499 796 560 dicentes:
813 499 957 567 Pecuniam
969 498 1029 578 fine
1041 520 1121 582 pecu-

162 579 199 637 lio
218 579 340 660 fragilem
369 580 432 661 effe:
451 582 579 661 proniani
606 580 790 660 appellantes,
813 582 885 661 qaod
902 581 1017 663 prnstdii
1040 580 1122 662 causa

155 656 344 813 seplliiiiilii,
362 741 499 822 athleta]
515 740 646 834 Hercules
661 740 737 803 idem
749 742 862 817 athleta,
884 742 960 804 idem
976 742 1119 826 gladiator.

162 840 197 882 ex
210 843 267 903 quo
280 825 415 898 Veianius
437 822 621 896 Horatianus,
637 844 700 884 cum
719 824 814 884 rudem
829 821 990 904 accepisset,

205 906 332 963 -arrnt's
353 904 479 962 Herculis
497 909 535 965 ad
558 927 592 983 po
613 927 650 963 ern
664 906 755 982 fixis,
776 905 839 964 latet
859 908 965 966 abditus
984 927 1057 987 agro.

202 983 373 1064 Empedocles
388 1004 467 1044 natos
478 984 561 1067 δια]
602 984 762 1067 mpedocles
777 984 977 1067 philosophiam
995 985 1121 1048 versibus

159 1065 268 1124 tradidit
285 1058 361 1145 apird
385 1064 519 1139 Graecos,
535 1085 565 1126 ut
583 1066 673 1128 Varro
691 1067 881 1129 &Lucretius
899 1069 972 1208 ,apud
993 1068 1117 1129 Latinos.

25 1141 31 1158 “
159 1144 188 1203 in
202 1145 244 1204 his
260 1145 295 1206 de
311 1148 415 1230 origine
434 1151 555 1208 humana
573 1150 611 1208 ita
628 1146 738 1210 statuit:
756 1147 886 1209 Membra
913 1148 1004 1230 rng'ula
1018 1170 1052 1209 ex
1065 1163 1122 1209 ter·

159 1245 212 1298 ra,
228 1226 303 1307 quali
324 1250 401 1290 utero
421 1231 603 1311 praegnantis,
618 1246 727 1289 temere
744 1229 873 1309 profusa,
892 1250 959 1290 mox
979 1228 1071 1290 coiisse
1085 1229 1118 1290 &

160 1303 277 1370 effecille
293 1309 369 1369 solidi
389 1311 509 1371 hominis
522 1312 683 1383 materiam,
775 1314 858 1373 ixtam
875 1310 975 1393 igni&
997 1311 1119 1373 humori.

156 1386 227 1450 ,Vid
247 1388 384 1451 Laertiurn
400 1390 622 1452 &Censorinum
638 1392 673 1451 de
724 1393 748 1450 ie
763 1392 853 1452 wali-

199 1470 227 1528 E
227 1492 260 1547 go
274 1474 402 1531 medicina
413 1495 430 1529 a
440 1474 567 1554 Serapi]
583 1470 691 1551 Serapis
703 1472 829 1566 princepe
839 1471 920 1532 Deua
933 1473 962 1531 in
979 1473 1120 1555 AEgypto,

26 1569 28 1588 ι
156 1564 188 1607 ut
203 1551 232 1606 in
253 1551 333 1610 Lario
349 1551 489 1611 Saturnus.
508 1553 669 1612 credebatur
689 1551 804 1613 morbos
822 1554 981 1616 immittere.
993 1555 1067 1615 unde
1078 1552 1119 1616 eli

120 3128 127 3145 .
144 3081 262 3163 »Cepam
276 3107 291 3146 e

155 1629 185 1688 in
202 1627 254 1710 Epi
275 1633 414 1690 rammatis
426 1630 550 1692 Graecis:

196 1708 257 1770 ’Erit
299 1734 313 1773 ε
333 1709 540 1788 nerleionorr,
558 1710 630 1772 lorti
650 1708 799 1793 κιχδλωτο
821 1715 958 1793 Σερίιπις.

155 1789 246 1850 rursus
265 1793 374 1853 eoidem
396 1814 509 1864 curare,
527 1791 604 1871 quod
618 1793 712 1855 Varro
734 1793 779 1852 hic
798 1790 906 1855 indicat.
925 1792 1048 1855 Laertius
1067 1793 1118 1856 bb.

160 1889 175 1951 5
193 1872 290 1947 refert,
305 1873 477 1934 Demetrium
499 1874 659 1935 Phalereum
676 1872 889 1956 philosophum,
912 1896 975 1934 cum
992 1873 1116 1935 Alexan·

155 1952 222 2012 driae
233 1953 358 2015 amisrlier
375 1954 471 2015 oculos
481 1977 518 2029 ,a
532 1955 664 2035 Serapide
683 1955 773 2015 rursus
787 1956 847 2016 illos
863 1954 1002 2036 accepille.
1017 1952 1116 2018 &Ta-

155 2034 202 2095 cit.
219 2036 265 2097 lib.
284 2060 304 2113 4
320 2033 392 2096 Hill.
409 2037 445 2096 de
462 2037 570 2118 origine
605 2035 677 2107 jusce
692 2035 749 2097 Dei
765 2038 850 2097 muita
869 2058 997 2113 narrans,
1010 2035 1117 2114 scribit,

155 2117 301 2177 nonnullos
315 2138 430 2200 putare,
445 2116 558 2201 Serapin
575 2057 629 2178 elle
645 2118 848 2200 AEsculapium,
864 2120 909 2201 qui
924 2118 1002 2201 egris
1017 2138 1118 2200 corpo-

153 2195 231 2257 ribus
247 2198 397 2260 medeatur.
457 2218 462 2226 ·
930 2210 935 2217 “

199 2280 324 2359 Quotidie
349 2277 757 2362 precantur.]1·ficmutatum
784 2299 870 2361 genua
898 2279 981 2341 verbi
1003 2277 1114 2341 Nonius

153 2357 294 2429 observat.
312 2381 348 2421 an
362 2379 428 2440 ergo
452 2360 544 2420 Varro
566 2359 651 2420 dixit:
664 2380 741 2438 preco
761 2379 815 2434 ter,
840 2360 902 2432 vel,
918 2362 1090 2439 procuratorio
1100 2406 1113 2434 ,

153 2436 252 2517 iptio.
274 2441 317 2502 Po
350 2442 446 2523 hyrius
464 2439 575 2521 quidem
600 2439 667 2521 Περὶ
685 2436 809 2521 ἀποχῆς
829 2437 995 2520 indixere,
1012 2442 1050 2503 tte
1067 2463 1114 2504 eo·

153 2520 218 2580 dem
236 2524 307 2582 cultu
318 2463 388 2583 Zeta
409 2521 461 2581 idis
480 2539 583 2602 agens,
606 2516 750 2600 intulerint
770 2541 914 2583 memorat.

195 2611 264 2661 ΘΕΩ
282 2603 365 2683 ΕΡΑ]
453 2619 622 2684 praeceptum
638 2604 748 2683 pietatis
768 2604 795 2660 in
819 2602 936 2677 Deum,
954 2601 1028 2683 quod
1043 2621 1113 2682 prae·

153 2678 205 2740 liar
223 2699 311 2743 cetera
331 2683 483 2764 sapientum
500 2683 588 2759 deta,
605 2703 666 2765 qun
681 2704 734 2766 pro
749 2682 854 2745 foribus
871 2683 965 2767 templi
982 2680 1118 2763 Delphici

152 2761 277 2847 inscripta
291 2763 472 2827 celebrantur.
593 2846 597 2857 ι

525 2866 648 2969 Pagina
665 2896 747 2969 277.

156 3060 159 3069 .
194 3003 370 3145 Ctpcnr'fffi,
393 3006 507 3089 &vesei
527 3008 691 3089 cuminum]
711 3007 746 3069 Id
768 3002 824 3082 est,
843 3004 926 3067 Flere
950 3004 982 3066 ἃ
1001 3003 1116 3085 pallere.

313 3108 340 3161 e,
353 3086 491 3170 κρόμμυον
504 3089 626 3165 irbirn,
639 3088 820 3169 proverbium
834 3088 997 3147 Graecorum
1006 3132 1016 3160 ,
1026 3087 1060 3147 de
1069 3088 1115 3162 iis,

152 3166 201 3246 qui
217 3165 347 3227 videntur
363 3170 504 3232 lacrimari.
516 3170 666 3231 Cuminum
682 3169 776 3242 vesci,
788 3185 834 3227 aut
847 3167 952 3240 bibere,
964 3167 1109 3244 dicuntur,

152 3248 199 3326 qui
219 3246 328 3327 pallent.
347 3247 417 3308 Plin.
443 3252 489 3311 lib.
512 3272 549 3311 ιο
570 3252 752 3312 determino:
775 3250 858 3308 Onne
872 3249 996 3326 pallorem
1020 3248 1110 3307 iiben-

151 3328 223 3387 tt'btts
237 3330 331 3411 gignit.
350 3330 393 3390 lta
409 3350 473 3391 certe
485 3335 578 3412 ferant
595 3332 685 3392 Porcii
698 3329 842 3402 Latronis,
860 3328 925 3391 dari
938 3331 1005 3389 inter
1017 3330 1108 3411 ningi-
1147 3350 1150 3355 ·

146 3408 216 3488 fisos
233 3411 352 3484 dicendi,
370 3435 387 3472 a
408 3416 542 3486 tllatom,
550 3413 751 3490 similitudinem
765 3411 879 3484 coloris,
891 3410 988 3490 studiis
1001 3429 1113 3472 contra-
1130 3471 1135 3481 ,

151 3490 205 3560 lli,
220 3492 354 3552 inritator:
410 3495 491 3572 paulo
507 3512 568 3554 ante
583 3494 683 3555 lulium
705 3494 856 3565 Vindicem,
874 3491 1017 3572 afferentem
1034 3490 1111 3552 mum

149 3592 170 3629 a
187 3574 291 3634 Nerone
304 3573 452 3651 libertatis,
471 3575 617 3653 captatione
637 3574 776 3653 tesimenti
783 3576 825 3653 fic
843 3574 1026 3633 lenocinatum.

192 3652 327 3734 Phrygios
347 3657 436 3738 μαψ
459 3654 540 3737 &c.]
564 3652 638 3716 Galli
653 3655 820 3730 sacerdotes,
840 3653 976 3736 Magnam
990 3671 1112 3714 matrem

152 3729 252 3799 Deum
267 3757 316 3819 per
327 3737 422 3798 urbem
442 3735 582 3810 ferentes,
601 3737 758 3799 incinebant
774 3757 887 3799 cornua.

334 3818 644 3905 e--tattct'sonnqttr
664 3820 796 3882 minantur
811 3837 907 3878 cornua
923 3830 1022 3892 cantet,

827 3899 935 4005 Yr.
