2834 4567
233 454 235 463 Ι
266 382 337 457 372
460 360 509 432 M,
532 358 747 432 TERENTll
775 360 1010 433 VARRONIS

194 652 199 657 ·
314 612 477 689 Feralium
499 611 608 702 diem,
626 611 674 687 ait
695 584 830 704 Varro,
852 639 873 689 a
895 614 1040 691 ferendis
1058 615 1095 690 in
1116 618 1225 719 sepul·

267 747 324 798 cra
339 721 445 820 epulis
465 720 543 798 dici.
562 727 618 797 lib.
633 723 655 792 1
660 751 761 870 'MR
783 749 819 812 4.

314 925 460 1001 Mundus
480 948 557 1000 cum
579 940 690 1022 patet,
702 924 861 998 Deorum
881 926 1025 1006 tristium
1048 945 1148 1028 atque
1168 928 1224 1006 in·
1404 916 1405 949 ¹

266 1033 420 1109 ferorum
442 1035 533 1133 quafi
559 1033 661 1128 janua
688 1050 798 1133 pateta
818 1056 996 1134 propterea
1018 1063 1089 1112 non
1115 1042 1222 1115 modo

264 1144 425 1241 proelium
444 1142 630 1237 committi,
651 1168 771 1218 verum
790 1145 891 1220 etiam
911 1145 1074 1221 delectum
1093 1150 1141 1223 rei
1157 1151 1223 1222 mi·

264 1258 370 1330 litatis
386 1254 482 1329 causa
504 1254 644 1345 habere,
666 1279 706 1329 ac
726 1254 867 1330 militem
889 1256 1078 1353 proficisci,
1099 1285 1222 1333 navem

266 1364 420 1452 solvere,
434 1387 576 1437 uxorem
599 1361 742 1436 liberitm
760 1366 977 1463 quaerenditm
997 1367 1092 1443 causa
1116 1369 1223 1442 duce·

266 1497 324 1563 re,
337 1468 529 1570 religiosum
546 1469 605 1547 est.
631 1499 700 1567 cap.
721 1476 769 1546 ιθ.

738 1574 759 1610 Ι·

313 1666 366 1739 Ad
385 1690 455 1739 rem
472 1663 547 1739 sane
565 1663 741 1740 militarem
762 1662 847 1738 nihil
863 1663 1006 1740 attinere
1026 1686 1121 1775 notat
1136 1671 1223 1740 Var-

265 1799 328 1864 ro,
351 1793 463 1851 utrum
483 1775 582 1849 fastus
601 1799 644 1848 an
664 1773 810 1847 nefastus
828 1774 899 1847 dies
921 1776 978 1867 fit,
1002 1775 1056 1848 sed
1073 1779 1116 1852 ad
1135 1778 1223 1865 solae

155 1883 158 1889 ’
265 1887 336 1960 hoc
350 1884 498 1960 actiones
516 1880 680 1977 respicere
704 1881 860 2028 privatas.
880 1885 1129 1973 ldem‚ssibidem.

254 2134 256 2137 ·
313 2087 469 2163 Verrium
483 2084 638 2158 Flaccum
652 2081 734 2178 juris
749 2079 916 2178 pontificii
931 2082 1159 2179 peritiffimum
1173 2084 1223 2162 di.

265 2224 340 2276 cere
351 2197 503 2284 solitum,
518 2191 619 2266 refert
635 2194 764 2281 Varro,
782 2189 859 2289 quia
878 2190 970 2265 feriis
986 2209 1114 2289 tergere
1127 2215 1224 2269 vete-

265 2333 317 2381 res
337 2303 437 2380 folias
457 2302 590 2393 liceret,
608 2326 719 2374 novas
740 2299 850 2375 facere
871 2298 922 2395 jus
940 2324 1012 2374 non
1026 2300 1124 2394 esset,
1141 2303 1221 2377 ideo

264 2415 369 2515 tnagis
390 2413 523 2502 viduis,
536 2437 637 2510 quam
663 2408 871 2509 virginibus,
886 2409 1025 2484 idoneas
1038 2411 1102 2485 effe
1122 2412 1221 2487 ferias

261 2527 304 2600 ad
323 2523 528 2599 nubendum.
547 2525 657 2611 Idem,
678 2523 802 2592 ibidem.

731 2630 750 2665 st

310 2727 491 2803 Sciendum
513 2723 692 2798 secundum
712 2724 926 2809 Varronem,
943 2740 1063 2796 contra
1084 2722 1219 2822 religio·

262 2860 340 2910 nem
359 2834 443 2919 elle,
460 2833 518 2905 vel
536 2830 561 2903 fi
580 2829 760 2928 irrigentur
779 2829 871 2926 agri,
892 2829 949 2902 vel
971 2829 1127 2904 laventur
1145 2834 1220 2905 ani·

261 2945 361 3022 maiia
374 2941 461 3017 festis
479 2939 605 3014 diebus.
618 2938 789 3047 Nymphae
803 2937 893 3011 enim
907 2937 976 3010 line
994 2936 1130 3034 piaculo
1145 2965 1219 3015 non

261 3060 399 3158 poffunt
416 3051 562 3130 moveri.
577 3057 666 3126 Serv.
687 3056 708 3122 1
728 3054 842 3147 Georg.

727 3166 748 3203 Ἰ

309 3267 388 3336 Hoc
408 3278 540 3357 tempus
560 3256 774 3360 (Robigalia)
798 3259 909 3330 Varro
927 3255 1143 3347 determinat,
1161 3256 1218 3331 so·

260 3375 293 3446 Ie
315 3369 419 3445 Tauri
440 3388 566 3464 partem
588 3367 749 3442 decimam
768 3366 955 3442 obtinente.
978 3373 1108 3443 Plinius
1134 3373 1217 3474 Hist.

261 3485 338 3553 Nat.
354 3482 431 3551 libro
448 3481 599 3568 XVIII,
623 3507 692 3573 cap.
713 3484 771 3574 69.
797 3452 830 3551 d*
852 3507 917 3573 qua
926 3480 1108 3572 sequuntur.

217 3626 220 3631 .
318 3590 321 3595 ¹
727 3591 748 3626 ἦ

306 3686 407 3758 Hunc
437 3681 525 3756 diem
552 3648 748 3783 (Floralia)
773 3687 885 3759 Varro
905 3683 1122 3778 determinat,
1147 3681 1218 3761 sole

257 3796 363 3917 Tauri
385 3818 514 3894 partem
535 3816 690 3896 quartam
712 3794 877 3871 decimam
902 3794 1089 3873 obtinente.
