<?xml version="1.0" encoding="UTF-8"?>
<!DOCTYPE html PUBLIC "-//W3C//DTD XHTML 1.0 Transitional//EN"
    "http://www.w3.org/TR/xhtml1/DTD/xhtml1-transitional.dtd">
<html xmlns="http://www.w3.org/1999/xhtml" xml:lang="en" lang="en">
 <head>
  <title>
</title>
<meta http-equiv="Content-Type" content="text/html;charset=utf-8" />
  <meta name='ocr-system' content='tesseract 3.04.00' />
  <meta name='ocr-capabilities' content='ocr_page ocr_carea ocr_par ocr_line ocrx_word'/>
</head>
<body>
  <div class='ocr_page' id='page_1' title='image "./mtervarronisdel00bipogoog/mtervarronisdel00bipogoog_0207.png"; bbox 0 0 2834 4567; ppageno 0'>
   <div class='ocr_carea' id='block_1_1' title="bbox 513 219 526 266">
    <p class='ocr_par' dir='ltr' id='par_1_1' title="bbox 513 219 526 266">
     <span class='ocr_line' id='line_1_1' title="bbox 513 219 526 266; baseline 0 0"><span class='ocrx_word' id='word_1_1' title='bbox 513 219 526 266; x_wconf 73' lang='lat' dir='ltr'>i</span> 
     </span>
    </p>
   </div>
   <div class='ocr_carea' id='block_1_2' title="bbox 334 388 1136 517">
    <p class='ocr_par' dir='ltr' id='par_1_2' title="bbox 334 388 1136 517">
     <span class='ocr_line' id='line_1_2' title="bbox 334 388 1136 517; baseline 0.03 -49"><span class='ocrx_word' id='word_1_2' title='bbox 334 388 599 471; x_wconf 75' lang='lat' dir='ltr'>naamam</span> <span class='ocrx_word' id='word_1_3' title='bbox 624 399 795 476; x_wconf 71' lang='lat' dir='ltr'>armna</span> <span class='ocrx_word' id='word_1_4' title='bbox 819 406 898 482; x_wconf 75' lang='lat' dir='ltr'>tta.</span> <span class='ocrx_word' id='word_1_5' title='bbox 922 409 982 487; x_wconf 82' lang='lat' dir='ltr'>nc</span> <span class='ocrx_word' id='word_1_6' title='bbox 1024 426 1026 429; x_wconf 93' lang='lat'>·</span> <span class='ocrx_word' id='word_1_7' title='bbox 1072 417 1136 517; x_wconf 61' lang='grc' dir='ltr'>ιε,</span> 
     </span>
    </p>
   </div>
   <div class='ocr_carea' id='block_1_3' title="bbox 10 546 1408 1324">
    <p class='ocr_par' dir='ltr' id='par_1_3' title="bbox 173 546 1408 724">
     <span class='ocr_line' id='line_1_3' title="bbox 173 546 1408 724; baseline 0.034 -107"><span class='ocrx_word' id='word_1_8' title='bbox 173 568 290 619; x_wconf 82' lang='lat' dir='ltr'>mox:</span> <span class='ocrx_word' id='word_1_9' title='bbox 309 546 372 621; x_wconf 91' lang='lat' dir='ltr'>alia</span> <span class='ocrx_word' id='word_1_10' title='bbox 386 547 617 644; x_wconf 80' lang='lat' dir='ltr'>declinantur,</span> <span class='ocrx_word' id='word_1_11' title='bbox 629 557 816 644; x_wconf 86' lang='lat' dir='ltr'>utalimo,</span> <span class='ocrx_word' id='word_1_12' title='bbox 833 560 982 642; x_wconf 83' lang='lat' dir='ltr'>limabo:</span> <span class='ocrx_word' id='word_1_13' title='bbox 1001 595 1020 643; x_wconf 88' lang='lat' dir='ltr'>a</span> <span class='ocrx_word' id='word_1_14' title='bbox 1042 573 1141 669; x_wconf 85' lang='lat' dir='ltr'>fero,</span> <span class='ocrx_word' id='word_1_15' title='bbox 1405 561 1408 724; x_wconf 63' lang='grc' dir='ltr'>Ι</span> 
     </span>
    </p>

    <p class='ocr_par' dir='ltr' id='par_1_4' title="bbox 185 652 1407 778">
     <span class='ocr_line' id='line_1_4' title="bbox 185 652 1407 778; baseline 0.036 -52"><span class='ocrx_word' id='word_1_16' title='bbox 185 652 355 732; x_wconf 76' lang='lat' dir='ltr'>ferebam:</span> <span class='ocrx_word' id='word_1_17' title='bbox 378 659 417 732; x_wconf 78' lang='grc' dir='ltr'>δι</span> <span class='ocrx_word' id='word_1_18' title='bbox 441 685 518 734; x_wconf 88' lang='lat' dir='ltr'>cum</span> <span class='ocrx_word' id='word_1_19' title='bbox 541 662 663 738; x_wconf 76' lang='lat' dir='ltr'>niliin</span> <span class='ocrx_word' id='word_1_20' title='bbox 680 665 752 740; x_wconf 82' lang='lat' dir='ltr'>heir</span> <span class='ocrx_word' id='word_1_21' title='bbox 771 672 922 768; x_wconf 80' lang='lat' dir='ltr'>verbeis,</span> <span class='ocrx_word' id='word_1_22' title='bbox 941 703 1018 776; x_wconf 82' lang='lat' dir='ltr'>quae</span> <span class='ocrx_word' id='word_1_23' title='bbox 1037 683 1141 760; x_wconf 85' lang='lat' dir='ltr'>decli·</span> <span class='ocrx_word' id='word_1_24' title='bbox 1406 729 1407 778; x_wconf 66' lang='lat' dir='ltr'>l</span> 
     </span>
    </p>

    <p class='ocr_par' dir='ltr' id='par_1_5' title="bbox 185 769 1407 904">
     <span class='ocr_line' id='line_1_5' title="bbox 185 769 1142 880; baseline 0.035 -43"><span class='ocrx_word' id='word_1_25' title='bbox 185 784 334 858; x_wconf 81' lang='lat' dir='ltr'>uantur,</span> <span class='ocrx_word' id='word_1_26' title='bbox 354 790 426 842; x_wconf 91' lang='lat' dir='ltr'>non</span> <span class='ocrx_word' id='word_1_27' title='bbox 451 769 553 864; x_wconf 87' lang='lat' dir='ltr'>poffit</span> <span class='ocrx_word' id='word_1_28' title='bbox 576 771 641 847; x_wconf 79' lang='lat' dir='ltr'>effe</span> <span class='ocrx_word' id='word_1_29' title='bbox 660 777 838 877; x_wconf 84' lang='lat' dir='ltr'>analogia,</span> <span class='ocrx_word' id='word_1_30' title='bbox 859 784 918 880; x_wconf 89' lang='lat' dir='ltr'>qui</span> <span class='ocrx_word' id='word_1_31' title='bbox 941 787 1023 863; x_wconf 92' lang='lat' dir='ltr'>dicit</span> <span class='ocrx_word' id='word_1_32' title='bbox 1040 791 1142 870; x_wconf 87' lang='lat' dir='ltr'>fimile</span> 
     </span>
    </p>

    <p class='ocr_par' dir='ltr' id='par_1_6' title="bbox 10 874 1408 1096">
     <span class='ocr_line' id='line_1_6' title="bbox 184 874 1408 1002; baseline 0.035 -54"><span class='ocrx_word' id='word_1_33' title='bbox 184 874 250 949; x_wconf 82' lang='lat' dir='ltr'>effe</span> <span class='ocrx_word' id='word_1_34' title='bbox 270 899 354 950; x_wconf 83' lang='lat' dir='ltr'>mort</span> <span class='ocrx_word' id='word_1_35' title='bbox 373 878 412 952; x_wconf 76' lang='lat' dir='ltr'>dc</span> <span class='ocrx_word' id='word_1_36' title='bbox 433 902 527 965; x_wconf 79' lang='lat' dir='ltr'>nox,</span> <span class='ocrx_word' id='word_1_37' title='bbox 547 887 843 981; x_wconf 75' lang='lat' dir='ltr'>ertatzquodnon</span> <span class='ocrx_word' id='word_1_38' title='bbox 861 894 908 967; x_wconf 84' lang='lat' dir='ltr'>est</span> <span class='ocrx_word' id='word_1_39' title='bbox 923 894 1142 1002; x_wconf 85' lang='lat' dir='ltr'>ejusdemge·</span> <span class='ocrx_word' id='word_1_40' title='bbox 1403 925 1408 968; x_wconf 69' lang='lat' dir='ltr'>l</span> 
     </span>
     <span class='ocr_line' id='line_1_7' title="bbox 10 979 1181 1096; baseline 0.041 -48"><span class='ocrx_word' id='word_1_41' title='bbox 10 979 12 988; x_wconf 78' lang='grc'><strong><em>’</em></strong></span> <span class='ocrx_word' id='word_1_42' title='bbox 146 1031 149 1038; x_wconf 68' lang='lat'>,</span> <span class='ocrx_word' id='word_1_43' title='bbox 185 981 278 1058; x_wconf 79' lang='lat' dir='ltr'>neria</span> <span class='ocrx_word' id='word_1_44' title='bbox 290 1004 470 1082; x_wconf 88' lang='lat' dir='ltr'>utrumque</span> <span class='ocrx_word' id='word_1_45' title='bbox 486 990 645 1082; x_wconf 85' lang='lat' dir='ltr'>verbum,</span> <span class='ocrx_word' id='word_1_46' title='bbox 659 1018 736 1068; x_wconf 91' lang='lat' dir='ltr'>cum</span> <span class='ocrx_word' id='word_1_47' title='bbox 755 1022 826 1071; x_wconf 81' lang='lat' dir='ltr'>nor</span> <span class='ocrx_word' id='word_1_48' title='bbox 839 999 1014 1084; x_wconf 80' lang='lat' dir='ltr'>succedere</span> <span class='ocrx_word' id='word_1_49' title='bbox 1024 1007 1143 1096; x_wconf 85' lang='lat' dir='ltr'>debeat</span> <span class='ocrx_word' id='word_1_50' title='bbox 1177 1055 1181 1063; x_wconf 60' lang='lat'><strong><em>¹</em></strong></span> 
     </span>
    </p>

    <p class='ocr_par' dir='ltr' id='par_1_7' title="bbox 183 1092 1143 1220">
     <span class='ocr_line' id='line_1_8' title="bbox 183 1092 1143 1220; baseline 0.039 -54"><span class='ocrx_word' id='word_1_51' title='bbox 183 1092 249 1166; x_wconf 84' lang='lat' dir='ltr'>sub</span> <span class='ocrx_word' id='word_1_52' title='bbox 257 1093 388 1172; x_wconf 80' lang='lat' dir='ltr'>casuum</span> <span class='ocrx_word' id='word_1_53' title='bbox 402 1097 642 1188; x_wconf 86' lang='lat' dir='ltr'>ratione,mox</span> <span class='ocrx_word' id='word_1_54' title='bbox 651 1127 763 1204; x_wconf 86' lang='lat' dir='ltr'>neque</span> <span class='ocrx_word' id='word_1_55' title='bbox 774 1108 904 1205; x_wconf 91' lang='lat' dir='ltr'>debeat,</span> <span class='ocrx_word' id='word_1_56' title='bbox 912 1142 1020 1218; x_wconf 88' lang='lat' dir='ltr'>neque</span> <span class='ocrx_word' id='word_1_57' title='bbox 1032 1128 1143 1220; x_wconf 86' lang='lat' dir='ltr'>pollit.</span> 
     </span>
    </p>

    <p class='ocr_par' dir='ltr' id='par_1_8' title="bbox 185 1205 1219 1324">
     <span class='ocr_line' id='line_1_9' title="bbox 185 1205 1219 1324; baseline 0.045 -49"><span class='ocrx_word' id='word_1_58' title='bbox 185 1205 337 1276; x_wconf 83' lang='lat' dir='ltr'>Secunda</span> <span class='ocrx_word' id='word_1_59' title='bbox 351 1206 474 1281; x_wconf 81' lang='lat' dir='ltr'>dirifio</span> <span class='ocrx_word' id='word_1_60' title='bbox 493 1210 540 1283; x_wconf 82' lang='lat' dir='ltr'>ell</span> <span class='ocrx_word' id='word_1_61' title='bbox 559 1212 600 1285; x_wconf 93' lang='lat' dir='ltr'>de</span> <span class='ocrx_word' id='word_1_62' title='bbox 622 1212 691 1288; x_wconf 82' lang='lat' dir='ltr'>heis</span> <span class='ocrx_word' id='word_1_63' title='bbox 710 1220 861 1314; x_wconf 82' lang='lat' dir='ltr'>verbeis,</span> <span class='ocrx_word' id='word_1_64' title='bbox 880 1250 957 1324; x_wconf 81' lang='lat' dir='ltr'>quae</span> <span class='ocrx_word' id='word_1_65' title='bbox 980 1234 1142 1320; x_wconf 88' lang='lat' dir='ltr'>declinati</span> <span class='ocrx_word' id='word_1_66' title='bbox 1212 1269 1219 1283; x_wconf 82' lang='lat'><strong>·</strong></span> 
     </span>
    </p>
   </div>
   <div class='ocr_carea' id='block_1_4' title="bbox 10 1312 1407 3855">
    <p class='ocr_par' dir='ltr' id='par_1_9' title="bbox 177 1312 1407 3081">
     <span class='ocr_line' id='line_1_10' title="bbox 184 1312 1407 1426; baseline 0.044 -44"><span class='ocrx_word' id='word_1_67' title='bbox 184 1312 345 1409; x_wconf 74' lang='lat' dir='ltr'>pollunta</span> <span class='ocrx_word' id='word_1_68' title='bbox 363 1319 457 1413; x_wconf 89' lang='lat' dir='ltr'>quod</span> <span class='ocrx_word' id='word_1_69' title='bbox 476 1321 539 1393; x_wconf 89' lang='lat' dir='ltr'>alia</span> <span class='ocrx_word' id='word_1_70' title='bbox 560 1322 635 1396; x_wconf 87' lang='lat' dir='ltr'>sunt</span> <span class='ocrx_word' id='word_1_71' title='bbox 655 1351 674 1400; x_wconf 91' lang='lat' dir='ltr'>a</span> <span class='ocrx_word' id='word_1_72' title='bbox 700 1328 898 1424; x_wconf 82' lang='lat' dir='ltr'>voluntate,</span> <span class='ocrx_word' id='word_1_73' title='bbox 918 1340 982 1416; x_wconf 84' lang='lat' dir='ltr'>alia</span> <span class='ocrx_word' id='word_1_74' title='bbox 1001 1371 1021 1418; x_wconf 87' lang='lat' dir='ltr'>a</span> <span class='ocrx_word' id='word_1_75' title='bbox 1040 1372 1143 1426; x_wconf 89' lang='lat' dir='ltr'>natu·</span> <span class='ocrx_word' id='word_1_76' title='bbox 1251 1361 1253 1367; x_wconf 84' lang='grc'><strong>’</strong></span> <span class='ocrx_word' id='word_1_77' title='bbox 1406 1331 1407 1412; x_wconf 54' lang='lat' dir='ltr'>i</span> 
     </span>
     <span class='ocr_line' id='line_1_11' title="bbox 184 1425 1143 1547; baseline 0.05 -55"><span class='ocrx_word' id='word_1_78' title='bbox 184 1445 234 1495; x_wconf 81' lang='lat' dir='ltr'>ra.</span> <span class='ocrx_word' id='word_1_79' title='bbox 246 1425 465 1503; x_wconf 85' lang='lat' dir='ltr'>Voluntatem</span> <span class='ocrx_word' id='word_1_80' title='bbox 474 1433 724 1528; x_wconf 89' lang='lat' dir='ltr'>appello,cum</span> <span class='ocrx_word' id='word_1_81' title='bbox 737 1442 1143 1547; x_wconf 85' lang='lat' dir='ltr'>unusquisqueanomine</span> 
     </span>
     <span class='ocr_line' id='line_1_12' title="bbox 177 1525 1191 1650; baseline 0.047 -48"><span class='ocrx_word' id='word_1_82' title='bbox 177 1531 255 1604; x_wconf 69' lang='lat' dir='ltr'>¹alio</span> <span class='ocrx_word' id='word_1_83' title='bbox 271 1525 422 1633; x_wconf 81' lang='lat' dir='ltr'>imponit</span> <span class='ocrx_word' id='word_1_84' title='bbox 436 1564 582 1634; x_wconf 87' lang='lat' dir='ltr'>nomen,</span> <span class='ocrx_word' id='word_1_85' title='bbox 599 1564 636 1616; x_wconf 93' lang='lat' dir='ltr'>ut</span> <span class='ocrx_word' id='word_1_86' title='bbox 648 1546 966 1643; x_wconf 54' lang='lat' dir='ltr'>Romulumadma.</span> <span class='ocrx_word' id='word_1_87' title='bbox 977 1566 1142 1650; x_wconf 88' lang='lat' dir='ltr'>Naturam</span> <span class='ocrx_word' id='word_1_88' title='bbox 1176 1579 1191 1592; x_wconf 79' lang='grc'><strong>”</strong></span> 
     </span>
     <span class='ocr_line' id='line_1_13' title="bbox 184 1641 1143 1779; baseline 0.047 -67"><span class='ocrx_word' id='word_1_89' title='bbox 184 1641 289 1734; x_wconf 83' lang='lat' dir='ltr'>dico,</span> <span class='ocrx_word' id='word_1_90' title='bbox 309 1669 386 1717; x_wconf 87' lang='lat' dir='ltr'>cum</span> <span class='ocrx_word' id='word_1_91' title='bbox 407 1647 556 1723; x_wconf 82' lang='lat' dir='ltr'>univerli</span> <span class='ocrx_word' id='word_1_92' title='bbox 583 1671 756 1749; x_wconf 89' lang='lat' dir='ltr'>acceptum</span> <span class='ocrx_word' id='word_1_93' title='bbox 779 1683 905 1735; x_wconf 91' lang='lat' dir='ltr'>nomen</span> <span class='ocrx_word' id='word_1_94' title='bbox 932 1671 975 1743; x_wconf 90' lang='lat' dir='ltr'>ab</span> <span class='ocrx_word' id='word_1_95' title='bbox 999 1700 1063 1768; x_wconf 89' lang='lat' dir='ltr'>eo,</span> <span class='ocrx_word' id='word_1_96' title='bbox 1082 1682 1143 1779; x_wconf 90' lang='lat' dir='ltr'>qui</span> 
     </span>
     <span class='ocr_line' id='line_1_14' title="bbox 184 1748 1280 1889; baseline 0.041 -65"><span class='ocrx_word' id='word_1_97' title='bbox 184 1748 356 1849; x_wconf 80' lang='lat' dir='ltr'>imponit,</span> <span class='ocrx_word' id='word_1_98' title='bbox 378 1779 451 1828; x_wconf 86' lang='lat' dir='ltr'>non</span> <span class='ocrx_word' id='word_1_99' title='bbox 472 1757 672 1856; x_wconf 75' lang='lat' dir='ltr'>requirimus</span> <span class='ocrx_word' id='word_1_100' title='bbox 697 1753 979 1863; x_wconf 81' lang='lat' dir='ltr'>quemadmodum</span> <span class='ocrx_word' id='word_1_101' title='bbox 1002 1781 1037 1854; x_wconf 92' lang='lat' dir='ltr'>id</span> <span class='ocrx_word' id='word_1_102' title='bbox 1058 1789 1143 1866; x_wconf 79' lang='lat' dir='ltr'>velit</span> <span class='ocrx_word' id='word_1_103' title='bbox 1253 1863 1280 1889; x_wconf 9' lang='grc' dir='ltr'>Α,</span> 
     </span>
     <span class='ocr_line' id='line_1_15' title="bbox 185 1864 1289 1988; baseline 0.036 -51"><span class='ocrx_word' id='word_1_104' title='bbox 185 1864 375 1939; x_wconf 84' lang='lat' dir='ltr'>declinari:</span> <span class='ocrx_word' id='word_1_105' title='bbox 398 1865 452 1940; x_wconf 87' lang='lat' dir='ltr'>sed</span> <span class='ocrx_word' id='word_1_106' title='bbox 474 1867 533 1964; x_wconf 79' lang='lat' dir='ltr'>ipli</span> <span class='ocrx_word' id='word_1_107' title='bbox 553 1869 782 1967; x_wconf 85' lang='lat' dir='ltr'>declinamus,</span> <span class='ocrx_word' id='word_1_108' title='bbox 805 1900 843 1952; x_wconf 93' lang='lat' dir='ltr'>ut</span> <span class='ocrx_word' id='word_1_109' title='bbox 867 1881 967 1980; x_wconf 85' lang='lat' dir='ltr'>hujus</span> <span class='ocrx_word' id='word_1_110' title='bbox 993 1887 1143 1988; x_wconf 63' lang='lat' dir='ltr'>Roma,</span> <span class='ocrx_word' id='word_1_111' title='bbox 1282 1889 1289 1904; x_wconf 43' lang='lat'><em>¹</em></span> 
     </span>
     <span class='ocr_line' id='line_1_16' title="bbox 185 1974 1143 2087; baseline 0.04 -44"><span class='ocrx_word' id='word_1_112' title='bbox 185 1974 274 2049; x_wconf 75' lang='lat' dir='ltr'>lianc</span> <span class='ocrx_word' id='word_1_113' title='bbox 293 1976 448 2061; x_wconf 83' lang='lat' dir='ltr'>Romam.</span> <span class='ocrx_word' id='word_1_114' title='bbox 461 1978 519 2051; x_wconf 84' lang='lat' dir='ltr'>De</span> <span class='ocrx_word' id='word_1_115' title='bbox 538 1976 610 2054; x_wconf 79' lang='lat' dir='ltr'>heis</span> <span class='ocrx_word' id='word_1_116' title='bbox 626 1982 753 2058; x_wconf 81' lang='lat' dir='ltr'>duabus</span> <span class='ocrx_word' id='word_1_117' title='bbox 771 1990 937 2087; x_wconf 80' lang='lat' dir='ltr'>partibus,</span> <span class='ocrx_word' id='word_1_118' title='bbox 951 2000 1143 2084; x_wconf 82' lang='lat' dir='ltr'>voluntaria</span> 
     </span>
     <span class='ocr_line' id='line_1_17' title="bbox 188 2082 1278 2194; baseline 0.04 -39"><span class='ocrx_word' id='word_1_119' title='bbox 188 2082 371 2158; x_wconf 77' lang='lat' dir='ltr'>declinatio</span> <span class='ocrx_word' id='word_1_120' title='bbox 393 2083 534 2158; x_wconf 86' lang='lat' dir='ltr'>refertur</span> <span class='ocrx_word' id='word_1_121' title='bbox 559 2088 601 2162; x_wconf 85' lang='lat' dir='ltr'>ad</span> <span class='ocrx_word' id='word_1_122' title='bbox 614 2090 911 2193; x_wconf 83' lang='lat' dir='ltr'>consuetudinem,</span> <span class='ocrx_word' id='word_1_123' title='bbox 925 2113 1085 2188; x_wconf 83' lang='lat' dir='ltr'>naturalis</span> <span class='ocrx_word' id='word_1_124' title='bbox 1101 2121 1145 2194; x_wconf 85' lang='lat' dir='ltr'>ad</span> <span class='ocrx_word' id='word_1_125' title='bbox 1275 2131 1278 2137; x_wconf 84' lang='lat'>&#39;</span> 
     </span>
     <span class='ocr_line' id='line_1_18' title="bbox 187 2194 1144 2304; baseline 0.042 -42"><span class='ocrx_word' id='word_1_126' title='bbox 187 2194 365 2265; x_wconf 86' lang='lat' dir='ltr'>rationem.</span> <span class='ocrx_word' id='word_1_127' title='bbox 388 2195 506 2286; x_wconf 80' lang='lat' dir='ltr'>Quare</span> <span class='ocrx_word' id='word_1_128' title='bbox 525 2195 669 2293; x_wconf 85' lang='lat' dir='ltr'>proinde</span> <span class='ocrx_word' id='word_1_129' title='bbox 689 2226 729 2276; x_wconf 90' lang='lat' dir='ltr'>ac</span> <span class='ocrx_word' id='word_1_130' title='bbox 750 2205 878 2299; x_wconf 78' lang='lat' dir='ltr'>limile,</span> <span class='ocrx_word' id='word_1_131' title='bbox 902 2216 1049 2294; x_wconf 86' lang='lat' dir='ltr'>conferri</span> <span class='ocrx_word' id='word_1_132' title='bbox 1070 2252 1144 2304; x_wconf 89' lang='lat' dir='ltr'>non</span> 
     </span>
     <span class='ocr_line' id='line_1_19' title="bbox 188 2306 1145 2422; baseline 0.041 -51"><span class='ocrx_word' id='word_1_133' title='bbox 188 2321 347 2397; x_wconf 84' lang='lat' dir='ltr'>oportet,</span> <span class='ocrx_word' id='word_1_134' title='bbox 360 2329 399 2376; x_wconf 88' lang='lat' dir='ltr'>ac</span> <span class='ocrx_word' id='word_1_135' title='bbox 418 2306 550 2398; x_wconf 88' lang='lat' dir='ltr'>dicere,</span> <span class='ocrx_word' id='word_1_136' title='bbox 571 2309 661 2384; x_wconf 81' lang='lat' dir='ltr'>ursit</span> <span class='ocrx_word' id='word_1_137' title='bbox 676 2314 819 2391; x_wconf 86' lang='lat' dir='ltr'>aRoma</span> <span class='ocrx_word' id='word_1_138' title='bbox 838 2320 1029 2422; x_wconf 85' lang='lat' dir='ltr'>Romanus,</span> <span class='ocrx_word' id='word_1_139' title='bbox 1042 2325 1087 2410; x_wconf 85' lang='lat' dir='ltr'>tic</span> <span class='ocrx_word' id='word_1_140' title='bbox 1100 2365 1145 2422; x_wconf 74' lang='lat' dir='ltr'>ex</span> 
     </span>
     <span class='ocr_line' id='line_1_20' title="bbox 189 2414 1145 2528; baseline 0.039 -41"><span class='ocrx_word' id='word_1_141' title='bbox 189 2417 306 2511; x_wconf 84' lang='lat' dir='ltr'>Capua</span> <span class='ocrx_word' id='word_1_142' title='bbox 328 2414 396 2489; x_wconf 91' lang='lat' dir='ltr'>dici</span> <span class='ocrx_word' id='word_1_143' title='bbox 417 2417 577 2515; x_wconf 82' lang='lat' dir='ltr'>oportere</span> <span class='ocrx_word' id='word_1_144' title='bbox 588 2421 784 2519; x_wconf 56' lang='lat' dir='ltr'>‘Capuanum</span> <span class='ocrx_word' id='word_1_145' title='bbox 802 2433 896 2528; x_wconf 89' lang='lat' dir='ltr'>quod</span> <span class='ocrx_word' id='word_1_146' title='bbox 909 2434 944 2506; x_wconf 89' lang='lat' dir='ltr'>in</span> <span class='ocrx_word' id='word_1_147' title='bbox 962 2444 1145 2525; x_wconf 89' lang='lat' dir='ltr'>consuetu·</span> 
     </span>
     <span class='ocr_line' id='line_1_21' title="bbox 190 2523 1145 2651; baseline 0.039 -59"><span class='ocrx_word' id='word_1_148' title='bbox 190 2523 269 2597; x_wconf 87' lang='lat' dir='ltr'>dine</span> <span class='ocrx_word' id='word_1_149' title='bbox 290 2525 509 2627; x_wconf 84' lang='lat' dir='ltr'>vehementer</span> <span class='ocrx_word' id='word_1_150' title='bbox 530 2548 645 2606; x_wconf 79' lang='lat' dir='ltr'>nutatr</span> <span class='ocrx_word' id='word_1_151' title='bbox 663 2535 758 2630; x_wconf 89' lang='lat' dir='ltr'>quod</span> <span class='ocrx_word' id='word_1_152' title='bbox 776 2538 977 2618; x_wconf 85' lang='lat' dir='ltr'>declinantes</span> <span class='ocrx_word' id='word_1_153' title='bbox 991 2549 1145 2651; x_wconf 79' lang='lat' dir='ltr'>imperite</span> 
     </span>
     <span class='ocr_line' id='line_1_22' title="bbox 189 2633 1146 2754; baseline 0.038 -47"><span class='ocrx_word' id='word_1_154' title='bbox 189 2635 289 2707; x_wconf 87' lang='lat' dir='ltr'>rebus</span> <span class='ocrx_word' id='word_1_155' title='bbox 303 2633 441 2709; x_wconf 85' lang='lat' dir='ltr'>nomina</span> <span class='ocrx_word' id='word_1_156' title='bbox 451 2634 650 2734; x_wconf 86' lang='lat' dir='ltr'>imponunt,</span> <span class='ocrx_word' id='word_1_157' title='bbox 663 2666 682 2714; x_wconf 86' lang='lat' dir='ltr'>a</span> <span class='ocrx_word' id='word_1_158' title='bbox 694 2645 813 2741; x_wconf 88' lang='lat' dir='ltr'>quibus</span> <span class='ocrx_word' id='word_1_159' title='bbox 827 2675 901 2723; x_wconf 89' lang='lat' dir='ltr'>cum</span> <span class='ocrx_word' id='word_1_160' title='bbox 919 2661 1049 2754; x_wconf 87' lang='lat' dir='ltr'>accepit</span> <span class='ocrx_word' id='word_1_161' title='bbox 1061 2689 1146 2744; x_wconf 90' lang='lat' dir='ltr'>con·</span> 
     </span>
     <span class='ocr_line' id='line_1_23' title="bbox 188 2742 1146 2866; baseline 0.029 -53"><span class='ocrx_word' id='word_1_162' title='bbox 188 2742 357 2833; x_wconf 79' lang='lat' dir='ltr'>suetudo,</span> <span class='ocrx_word' id='word_1_163' title='bbox 379 2746 570 2820; x_wconf 86' lang='lat' dir='ltr'>turbulenta</span> <span class='ocrx_word' id='word_1_164' title='bbox 590 2751 719 2825; x_wconf 85' lang='lat' dir='ltr'>neceffe</span> <span class='ocrx_word' id='word_1_165' title='bbox 739 2754 788 2827; x_wconf 83' lang='lat' dir='ltr'>est</span> <span class='ocrx_word' id='word_1_166' title='bbox 807 2756 929 2837; x_wconf 84' lang='lat' dir='ltr'>dicere.</span> <span class='ocrx_word' id='word_1_167' title='bbox 950 2763 1062 2866; x_wconf 90' lang='lat' dir='ltr'>itaque</span> <span class='ocrx_word' id='word_1_168' title='bbox 1085 2804 1146 2854; x_wconf 78' lang='lat' dir='ltr'>ne.</span> 
     </span>
     <span class='ocr_line' id='line_1_24' title="bbox 190 2852 1147 2970; baseline 0.042 -47"><span class='ocrx_word' id='word_1_169' title='bbox 190 2876 260 2949; x_wconf 89' lang='lat' dir='ltr'>que</span> <span class='ocrx_word' id='word_1_170' title='bbox 281 2852 632 2957; x_wconf 78' lang='lat' dir='ltr'>Aristarchus,neque</span> <span class='ocrx_word' id='word_1_171' title='bbox 646 2862 703 2934; x_wconf 85' lang='lat' dir='ltr'>alii</span> <span class='ocrx_word' id='word_1_172' title='bbox 721 2864 756 2938; x_wconf 91' lang='lat' dir='ltr'>in</span> <span class='ocrx_word' id='word_1_173' title='bbox 777 2868 941 2970; x_wconf 84' lang='lat' dir='ltr'>analogiis</span> <span class='ocrx_word' id='word_1_174' title='bbox 961 2878 1147 2963; x_wconf 84' lang='lat' dir='ltr'>defenden-</span> 
     </span>
     <span class='ocr_line' id='line_1_25' title="bbox 191 2962 1241 3081; baseline 0.04 -49"><span class='ocrx_word' id='word_1_175' title='bbox 191 2962 270 3033; x_wconf 88' lang='lat' dir='ltr'>dam</span> <span class='ocrx_word' id='word_1_176' title='bbox 295 2963 367 3056; x_wconf 82' lang='lat' dir='ltr'>ejus</span> <span class='ocrx_word' id='word_1_177' title='bbox 397 2965 610 3065; x_wconf 88' lang='lat' dir='ltr'>susceperunt</span> <span class='ocrx_word' id='word_1_178' title='bbox 637 2974 779 3051; x_wconf 84' lang='lat' dir='ltr'>causam.</span> <span class='ocrx_word' id='word_1_179' title='bbox 804 2980 889 3071; x_wconf 80' lang='lat' dir='ltr'>Sed,</span> <span class='ocrx_word' id='word_1_180' title='bbox 911 3009 948 3058; x_wconf 91' lang='lat' dir='ltr'>ur</span> <span class='ocrx_word' id='word_1_181' title='bbox 970 2989 1062 3081; x_wconf 83' lang='lat' dir='ltr'>dixi,</span> <span class='ocrx_word' id='word_1_182' title='bbox 1078 2998 1147 3076; x_wconf 85' lang='lat' dir='ltr'>hoc</span> <span class='ocrx_word' id='word_1_183' title='bbox 1239 3035 1241 3044; x_wconf 40' lang='lat' dir='ltr'><em>s</em></span> 
     </span>
    </p>

    <p class='ocr_par' dir='ltr' id='par_1_10' title="bbox 10 3073 1249 3200">
     <span class='ocr_line' id='line_1_26' title="bbox 10 3073 1249 3200; baseline 0.047 -72"><span class='ocrx_word' id='word_1_184' title='bbox 10 3115 11 3128; x_wconf 67' lang='grc'>,</span> <span class='ocrx_word' id='word_1_185' title='bbox 193 3093 315 3167; x_wconf 81' lang='lat' dir='ltr'>genere</span> <span class='ocrx_word' id='word_1_186' title='bbox 334 3073 515 3149; x_wconf 83' lang='lat' dir='ltr'>declinatio</span> <span class='ocrx_word' id='word_1_187' title='bbox 541 3077 577 3150; x_wconf 91' lang='lat' dir='ltr'>in</span> <span class='ocrx_word' id='word_1_188' title='bbox 604 3087 778 3158; x_wconf 87' lang='lat' dir='ltr'>communi</span> <span class='ocrx_word' id='word_1_189' title='bbox 799 3089 1039 3173; x_wconf 89' lang='lat' dir='ltr'>consuetudine</span> <span class='ocrx_word' id='word_1_190' title='bbox 1068 3129 1166 3200; x_wconf 19' lang='lat' dir='ltr'>ver-¹</span> <span class='ocrx_word' id='word_1_191' title='bbox 1244 3135 1249 3140; x_wconf 87' lang='lat'>·</span> 
     </span>
    </p>

    <p class='ocr_par' dir='ltr' id='par_1_11' title="bbox 122 3181 1306 3308">
     <span class='ocr_line' id='line_1_27' title="bbox 122 3181 1306 3308; baseline 0.042 -63"><span class='ocrx_word' id='word_1_192' title='bbox 122 3183 126 3188; x_wconf 86' lang='grc'><em>“</em></span> <span class='ocrx_word' id='word_1_193' title='bbox 193 3181 318 3255; x_wconf 85' lang='lat' dir='ltr'>hortun</span> <span class='ocrx_word' id='word_1_194' title='bbox 337 3183 747 3289; x_wconf 64' lang='lat' dir='ltr'>&#39;aegrotatfflanguescite</span> <span class='ocrx_word' id='word_1_195' title='bbox 762 3199 856 3293; x_wconf 91' lang='lat' dir='ltr'>quod</span> <span class='ocrx_word' id='word_1_196' title='bbox 871 3200 981 3275; x_wconf 89' lang='lat' dir='ltr'>oritur</span> <span class='ocrx_word' id='word_1_197' title='bbox 996 3232 1014 3278; x_wconf 91' lang='lat' dir='ltr'>e</span> <span class='ocrx_word' id='word_1_198' title='bbox 1029 3218 1149 3308; x_wconf 91' lang='lat' dir='ltr'>populi</span> <span class='ocrx_word' id='word_1_199' title='bbox 1293 3285 1306 3296; x_wconf 81' lang='grc'>,</span> 
     </span>
    </p>

    <p class='ocr_par' dir='ltr' id='par_1_12' title="bbox 193 3290 1345 3855">
     <span class='ocr_line' id='line_1_28' title="bbox 194 3290 1177 3422; baseline 0.033 -58"><span class='ocrx_word' id='word_1_200' title='bbox 194 3290 376 3387; x_wconf 86' lang='lat' dir='ltr'>multiplici</span> <span class='ocrx_word' id='word_1_201' title='bbox 396 3295 551 3393; x_wconf 88' lang='lat' dir='ltr'>imperio.</span> <span class='ocrx_word' id='word_1_202' title='bbox 569 3299 682 3400; x_wconf 88' lang='lat' dir='ltr'>itaque</span> <span class='ocrx_word' id='word_1_203' title='bbox 696 3303 732 3375; x_wconf 93' lang='lat' dir='ltr'>in</span> <span class='ocrx_word' id='word_1_204' title='bbox 744 3304 811 3380; x_wconf 90' lang='lat' dir='ltr'>hoc</span> <span class='ocrx_word' id='word_1_205' title='bbox 825 3331 944 3405; x_wconf 86' lang='lat' dir='ltr'>genere</span> <span class='ocrx_word' id='word_1_206' title='bbox 956 3313 990 3387; x_wconf 90' lang='lat' dir='ltr'>in</span> <span class='ocrx_word' id='word_1_207' title='bbox 1005 3319 1149 3422; x_wconf 80' lang='lat' dir='ltr'>loquen·</span> <span class='ocrx_word' id='word_1_208' title='bbox 1166 3391 1177 3408; x_wconf 61' lang='lat'><em>„</em></span> 
     </span>
     <span class='ocr_line' id='line_1_29' title="bbox 193 3402 1254 3518; baseline 0.046 -48"><span class='ocrx_word' id='word_1_209' title='bbox 193 3402 242 3475; x_wconf 90' lang='lat' dir='ltr'>do</span> <span class='ocrx_word' id='word_1_210' title='bbox 261 3402 365 3500; x_wconf 79' lang='lat' dir='ltr'>magis</span> <span class='ocrx_word' id='word_1_211' title='bbox 385 3409 570 3501; x_wconf 85' lang='lat' dir='ltr'>anomalia,</span> <span class='ocrx_word' id='word_1_212' title='bbox 591 3435 691 3510; x_wconf 85' lang='lat' dir='ltr'>quam</span> <span class='ocrx_word' id='word_1_213' title='bbox 713 3418 875 3518; x_wconf 81' lang='lat' dir='ltr'>analogia.</span> <span class='ocrx_word' id='word_1_214' title='bbox 891 3424 1004 3502; x_wconf 90' lang='lat' dir='ltr'>Tertia</span> <span class='ocrx_word' id='word_1_215' title='bbox 1025 3433 1150 3516; x_wconf 87' lang='lat' dir='ltr'>divifio</span> <span class='ocrx_word' id='word_1_216' title='bbox 1252 3475 1254 3484; x_wconf 66' lang='grc'>’</span> 
     </span>
     <span class='ocr_line' id='line_1_30' title="bbox 195 3512 1150 3626; baseline 0.043 -40"><span class='ocrx_word' id='word_1_217' title='bbox 195 3512 267 3602; x_wconf 86' lang='lat' dir='ltr'>est,</span> <span class='ocrx_word' id='word_1_218' title='bbox 289 3541 366 3613; x_wconf 79' lang='lat' dir='ltr'>quae</span> <span class='ocrx_word' id='word_1_219' title='bbox 375 3520 492 3595; x_wconf 59' lang='lat' dir='ltr'>uerba</span> <span class='ocrx_word' id='word_1_220' title='bbox 514 3525 658 3606; x_wconf 84' lang='lat' dir='ltr'>declinat</span> <span class='ocrx_word' id='word_1_221' title='bbox 680 3550 848 3607; x_wconf 81' lang='lat' dir='ltr'>amatura.</span> <span class='ocrx_word' id='word_1_222' title='bbox 874 3559 911 3608; x_wconf 83' lang='lat' dir='ltr'>ea</span> <span class='ocrx_word' id='word_1_223' title='bbox 930 3539 1094 3623; x_wconf 78' lang='lat' dir='ltr'>dividitur</span> <span class='ocrx_word' id='word_1_224' title='bbox 1114 3552 1150 3626; x_wconf 91' lang='lat' dir='ltr'>in</span> 
     </span>
     <span class='ocr_line' id='line_1_31' title="bbox 196 3624 1345 3758; baseline 0.039 -65"><span class='ocrx_word' id='word_1_225' title='bbox 196 3624 317 3719; x_wconf 84' lang='lat' dir='ltr'>parteis</span> <span class='ocrx_word' id='word_1_226' title='bbox 340 3631 561 3723; x_wconf 76' lang='lat' dir='ltr'>quartinonin</span> <span class='ocrx_word' id='word_1_227' title='bbox 582 3641 681 3708; x_wconf 84' lang='lat' dir='ltr'>unam</span> <span class='ocrx_word' id='word_1_228' title='bbox 703 3638 1151 3757; x_wconf 80' lang='lat' dir='ltr'>primam,videlicet‚quae</span> <span class='ocrx_word' id='word_1_229' title='bbox 1193 3709 1199 3722; x_wconf 85' lang='lat'><strong>·</strong></span> <span class='ocrx_word' id='word_1_230' title='bbox 1233 3752 1236 3758; x_wconf 21' lang='grc' dir='ltr'>Ι</span> <span class='ocrx_word' id='word_1_231' title='bbox 1343 3735 1345 3738; x_wconf 81' lang='grc'><strong>,</strong></span> 
     </span>
     <span class='ocr_line' id='line_1_32' title="bbox 197 3728 1151 3855; baseline 0.044 -56"><span class='ocrx_word' id='word_1_232' title='bbox 197 3728 297 3801; x_wconf 86' lang='lat' dir='ltr'>habet</span> <span class='ocrx_word' id='word_1_233' title='bbox 315 3735 425 3822; x_wconf 86' lang='lat' dir='ltr'>casus,</span> <span class='ocrx_word' id='word_1_234' title='bbox 444 3761 553 3834; x_wconf 87' lang='lat' dir='ltr'>neque</span> <span class='ocrx_word' id='word_1_235' title='bbox 573 3758 727 3838; x_wconf 89' lang='lat' dir='ltr'>tempora</span> <span class='ocrx_word' id='word_1_236' title='bbox 747 3745 869 3821; x_wconf 87' lang='lat' dir='ltr'>habet:</span> <span class='ocrx_word' id='word_1_237' title='bbox 885 3767 926 3838; x_wconf 78' lang='lat' dir='ltr'>&#39;ut</span> <span class='ocrx_word' id='word_1_238' title='bbox 945 3757 1085 3855; x_wconf 88' lang='lat' dir='ltr'>docilis,</span> <span class='ocrx_word' id='word_1_239' title='bbox 1105 3764 1151 3841; x_wconf 85' lang='lat' dir='ltr'>fa·</span> 
     </span>
    </p>
   </div>
   <div class='ocr_carea' id='block_1_5' title="bbox 142 3836 1316 4043">
    <p class='ocr_par' dir='ltr' id='par_1_13' title="bbox 142 3836 1316 4043">
     <span class='ocr_line' id='line_1_33' title="bbox 200 3836 1316 3967; baseline 0.025 -55"><span class='ocrx_word' id='word_1_240' title='bbox 200 3836 295 3912; x_wconf 83' lang='lat' dir='ltr'>cilis:</span> <span class='ocrx_word' id='word_1_241' title='bbox 315 3841 351 3958; x_wconf 71' lang='lat' dir='ltr'>in</span> <span class='ocrx_word' id='word_1_242' title='bbox 374 3842 534 3940; x_wconf 86' lang='lat' dir='ltr'>alteram,</span> <span class='ocrx_word' id='word_1_243' title='bbox 557 3870 632 3946; x_wconf 79' lang='lat' dir='ltr'>quae</span> <span class='ocrx_word' id='word_1_244' title='bbox 656 3868 810 3950; x_wconf 88' lang='lat' dir='ltr'>tempora</span> <span class='ocrx_word' id='word_1_245' title='bbox 830 3855 951 3950; x_wconf 89' lang='lat' dir='ltr'>habet,</span> <span class='ocrx_word' id='word_1_246' title='bbox 967 3887 1078 3967; x_wconf 81' lang='lat' dir='ltr'>neque</span> <span class='ocrx_word' id='word_1_247' title='bbox 1097 3897 1152 3955; x_wconf 65' lang='lat' dir='ltr'>ca.</span> <span class='ocrx_word' id='word_1_248' title='bbox 1309 3931 1316 3947; x_wconf 84' lang='grc'><strong>,</strong></span> 
     </span>
     <span class='ocr_line' id='line_1_34' title="bbox 142 3947 937 4043; baseline 0.028 -22"><span class='ocrx_word' id='word_1_249' title='bbox 142 3947 145 3954; x_wconf 73' lang='grc'><strong>’</strong></span> <span class='ocrx_word' id='word_1_250' title='bbox 864 3971 893 4040; x_wconf 79' lang='grc' dir='ltr'>Ι.</span> <span class='ocrx_word' id='word_1_251' title='bbox 917 3996 937 4043; x_wconf 86' lang='lat'><em>2</em></span> 
     </span>
    </p>
   </div>
   <div class='ocr_carea' id='block_1_6' title="bbox 0 0 1439 4567">
    <p class='ocr_par' dir='ltr' id='par_1_14' title="bbox 0 0 1439 4567">
     <span class='ocr_line' id='line_1_35' title="bbox 0 0 1439 4567; baseline 0 0"><span class='ocrx_word' id='word_1_252' title='bbox 0 0 1439 4567; x_wconf 95' lang='lat' dir='ltr'> </span> 
     </span>
    </p>
   </div>
  </div>
 </body>
</html>
