2834 4567
319 348 384 422 Da
410 345 890 423 praeparaturam.
916 352 971 421 ιν.
1102 377 1129 451 9

168 509 275 590 bilutn
296 511 454 609 parietis,
473 497 688 586 circunrirum
714 512 779 585 elle
803 511 1004 587 describunt.
1025 515 1133 613 igitur
1260 503 1283 571 s
1391 566 1393 596 ,

169 641 239 695 tera
251 643 358 711 terra,
369 625 408 696 δι
421 624 465 694 ab
477 644 520 693 eo
534 642 644 717 poetae
655 621 864 719 appellarant
881 622 1006 697 summa
1019 644 1135 714 terrae,

168 755 244 828 quae
258 732 329 804 sola
341 732 406 803 teri
417 729 571 827 poliunt,
584 731 667 803 Sola
677 750 786 805 rerrae.
797 734 906 807 Terra
918 789 931 822 ‚
941 754 978 807 ut
990 753 1134 830 putant,

167 840 337 913 eadem&
349 842 491 914 Humtu.
504 840 584 912 ideo
597 839 747 931 Ennius,
758 845 797 915 ln
810 860 932 915 terrant
950 844 1136 930 cadenteis,

169 949 277 1039 dicit,
295 950 434 1024 tubiteis
456 949 626 1047 pinfibant
639 941 791 1027 humum.
811 957 855 1026 Et
868 955 965 1053 quod
983 974 1070 1028 terra
1095 955 1137 1029 lit
1173 985 1178 1001 ·
1217 963 1219 968 '

171 1060 314 1152 burnus,
324 1063 402 1136 ideo
414 1063 582 1136 Humatus
593 1115 604 1150 ,
614 1083 789 1154 mortuus,
801 1064 861 1162 qui
872 1085 965 1139 terra
979 1065 1019 1138 fit
1032 1066 1139 1139 obru-

170 1186 246 1244 tus:
260 1173 379 1263 abeo,
400 1173 460 1269 qui
475 1173 650 1247 Romanus
670 1173 867 1247 combustus
878 1174 927 1247 est
937 1226 947 1254 ,
959 1192 1019 1247 aut
1033 1174 1069 1245 in
1084 1172 1140 1247 sed

26 1350 31 1360 ,
173 1280 325 1378 pulcrum
339 1279 559 1378 ejusabjetia
569 1284 666 1384 gleba
686 1310 760 1360 non
773 1284 821 1359 est
832 1313 843 1359 τ
856 1305 915 1361 aut
931 1286 956 1358 st
972 1310 1013 1358 os
1032 1311 1140 1360 exce·

172 1410 266 1487 ptum
286 1391 333 1465 est
353 1393 484 1466 mortui
499 1387 717 1469 ad'familiam
732 1396 1005 1498 expurgandam
1026 1398 1139 1472 donec

174 1504 209 1577 in
229 1504 430 1604 purgando,
443 1506 552 1580 humo
570 1531 643 1578 non
663 1506 712 1580 est
729 1509 890 1605 opertus,
905 1528 943 1581 ut
957 1505 1139 1606 pontifices

174 1613 314 1706 dicunt,
332 1615 450 1710 quoad
469 1617 661 1688 inhumatus
682 1617 745 1720 stt,
765 1616 894 1690 familia
918 1616 1046 1693 funesta
1066 1639 1156 1691 ων

173 1741 254 1814 net,
274 1726 312 1798 δι
331 1725 456 1798 dicitur
470 1724 646 1798 humilior.
661 1727 751 1815 Quae
767 1728 807 1796 ad
821 1728 961 1796 humum
976 1727 1073 1817 sunt,
1084 1742 1142 1799 aut

172 1861 193 1912 a
213 1841 274 1924 re,
288 1857 327 1908 ut
344 1832 456 1909 Sabini
469 1888 481 1923 ,
494 1837 533 1909 δι
549 1836 698 1922 Lucani3
712 1853 770 1909 aut
787 1834 953 1910 declinata
971 1837 1013 1909 ab
1026 1835 1145 1907 honri·

173 1946 293 2035 nibus,
309 1964 349 2019 ut
360 1945 530 2043 Appulia,
544 1950 584 2021 δι
597 1948 729 2019 Latium
747 1967 952 2044 :utrumque
964 1998 975 2035 ,
986 1964 1024 2019 ut
1041 1940 1149 2017 Etru·'

95 2147 101 2158 ¹
175 2060 296 2148 ria‚&
313 2056 450 2130 Tuscia.
468 2058 549 2150 Qua
569 2080 713 2154 regnum
732 2055 796 2128 uit
816 2053 952 2144 Latini,
966 2052 1146 2129 universus

158 2248 161 2252 ,
177 2195 253 2268 ager
268 2170 374 2243 diuus
388 2168 527 2242 Latium.
540 2168 769 2266 particulatim
786 2166 944 2265 oppideis
957 2166 1145 2266 cognomi-

175 2296 274 2350 natus
289 2300 298 2346 a
313 2295 352 2350 ut
372 2302 392 2350 a
413 2276 579 2350 Praeneste
599 2276 843 2363 Praenellinus,
865 2276 908 2348 ab
924 2277 1039 2350 Aricia
1061 2274 1144 2347 Ari·

177 2385 287 2461 cinus.
316 2389 367 2464 Ut
390 2385 495 2459 nollri
521 2396 664 2485 augures
686 2386 823 2482 publice
843 2385 1024 2476 dixerunt,
1044 2409 1149 2483 agro-

177 2518 253 2568 rum
268 2493 343 2567 sunt
357 2519 477 2593 genera
491 2495 666 2594 quinque:
681 2493 878 2583 R‘onranus,
892 2492 1069 2583 Gabinus,
1082 2496 1148 2570 Pe·.

176 2603 350 2704 regnans,
363 2605 545 2696 Rusticus,
560 2605 721 2678 lacertus.
736 2605 914 2695 Romanus
934 2601 1063 2691 dibus,
1078 2622 1147 2675 uni

157 2710 159 2715 ’
176 2716 219 2790 de
245 2718 382 2812 Roma,
401 2715 444 2788 ab
466 2716 631 2788 Romulo.
653 2714 831 2803 Gabinus,
851 2713 895 2787 ab
915 2714 1047 2810 oppido
1070 2717 1146 2788 Ga·

175 2828 252 2903 biis.
263 2826 461 2926 Peregrinus
473 2880 485 2918 ,
499 2851 578 2925 ager
589 2844 747 2924 pacatus,
762 2825 823 2922 qui
838 2842 933 2899 extra
951 2829 1147 2900 Romanum

179 2940 219 3012 δι
236 2937 430 3026 Gabinurn3
445 2941 539 3036 quod
552 2963 624 3011 uno
639 2938 746 3012 ruodo
769 2936 804 3009 in
819 2936 891 3010 heis
907 2934 1063 3010 feruntur
1084 2963 1148 3010 au·

178 3044 294 3141 spicia.
306 3045 416 3152 {diuus
430 3044 623 3143 peregrinus
638 3069 655 3116 a
669 3043 863 3143 pergendo,
875 3043 911 3115 id
924 3041 992 3134 eli,
1003 3058 1150 3140 progre-'

91 3225 98 3236 ,
180 3155 321 3228 diendo.
341 3153 490 3227 eoenim
506 3179 549 3227 ex
566 3179 645 3254 agro
661 3157 823 3227 Romano
838 3152 985 3249 primunr
1004 3173 1150 3248 progreq
1197 3143 1223 3218 ſs
1267 3197 1269 3202 ,
1336 3241 1344 3257 .

178 3265 346 3340 diebatur.
358 3261 518 3360 quocirca
529 3264 705 3354 Gabinus
716 3262 786 3338 live
802 3260 1018 3361 peregrinus,
1031 3261 1149 3342 secun·¹

178 3377 259 3450 dum
275 3376 339 3448 hos
353 3371 498 3468 auspicia
510 3375 636 3448 babent
656 3316 844 3473 fitigularia.
866 3373 920 3444 Ab
936 3371 1067 3470 reliquo
1079 3373 1149 3446 dis·

179 3506 302 3562 cretus
316 3484 494 3573 Hollicus,
506 3486 611 3559 dillus
621 3486 664 3558 ab
674 3484 836 3556 hollrbus
854 3483 1025 3557 lncertus
1015 3508 1043 3556 rs
1054 3508 1148 3583 ager,
1295 3561 1298 3574 ἃ

180 3621 242 3698 qur
231 3597 302 3670 de
316 3595 388 3670 heis
402 3612 551 3694 quatuor
564 3575 625 3694 qiu
614 3593 676 3666 fit
687 3593 902 3692 ,ignoratun

233 3715 322 3808 Ager
343 3710 457 3785 diuus
473 3711 595 3802 est,1n
620 3736 724 3808 quam
739 3730 862 3786 terram
879 3714 959 3812 quid
980 3713 1231 3824 agebant,
1282 3765 1286 3772 ι

186 3824 224 3901 δι
241 3822 333 3916 uude
314 3822 438 3922 equid
456 3823 602 3926 agebant
621 3821 747 3901 fructus
771 3824 880 3898 caula
895 3823 941 3951 ‘id
958 3818 1074 3898 Graeci
1097 3818 1153 3900 ὧι,
