2834 4567
257 352 324 429 180
454 353 505 424 Μ.
528 350 745 425 TERENTll
768 349 1006 426 VARRONIS
1106 413 1108 416 ,

253 511 359 608 quom
376 511 497 599 dures,
510 537 608 610 quam
623 509 783 608 fignificat
794 565 806 599 ,
816 514 853 585 dc
870 535 1011 600 vocem,
1023 536 1088 621 qua
1104 511 1204 610 tigni·v

253 618 390 706 litatur,
412 620 450 693 δι
470 617 634 717 infigura
658 620 831 692 transitum
852 619 1086 695 declinationis
1108 622 1203 717 pari·

251 730 329 802 lem.
349 728 543 804 Declinatio
555 729 708 818 est,cum
729 753 772 800 ert
791 729 900 801 verbo
915 730 951 800 in
969 730 1130 817 verbum,
1145 747 1204 801 aut

249 862 294 911 ex
315 840 412 912 verbi
430 835 638 923 discrimin'e,
651 855 689 907 ut
705 835 844 908 transeat
861 861 975 926 mens,
992 836 1091 911 vocis
1105 860 1203 909 com·

96 957 110 970 ''
250 946 395 1020 mutatio
419 945 459 1020 fit
483 944 604 1040 aliqua.
626 942 819 1016 Similitudo
845 945 1099 1036 declinationis,
1123 970 1200 1020 cum

248 1058 330 1133 item
348 1085 390 1130 ex
405 1057 513 1152 aliqua
528 1051 634 1150 figura
647 1053 681 1126 in
695 1052 834 1151 figuram
846 1055 980 1143 tranlit,
992 1075 1029 1128 ut
1041 1056 1077 1128 id
1094 1074 1202 1127 trans·

248 1169 385 1258 it,cum
406 1191 478 1264 quo
500 1162 685 1238 confertur.
707 1162 884 1255 Adjedlum
909 1163 975 1252 est,
999 1190 1070 1236 non
1098 1185 1201 1259 repu-

247 1298 370 1374 gname
383 1273 624 1350 consuetudine
637 1274 830 1347 communi:
842 1272 935 1368 quod
949 1274 1102 1369 *quaedem
1120 1297 1201 1348 ver-

247 1389 291 1461 ba
307 1404 425 1461 contra
438 1386 532 1457 usum
551 1409 701 1458 veterem
719 1382 880 1457 declinata
898 1384 1064 1480 patietur,
1077 1400 1115 1454 ut
1131 1383 1201 1478 pal·

245 1493 279 1567 la
307 1492 522 1566 Hortensium
545 1491 658 1582 didere
686 1516 750 1586 pro
775 1491 846 1564 bas'
860 1490 1030 1579 cervices,
1056 1489 1174 1564 cervix
1185 1514 1204 1574 ς·

217 1677 221 1684 ,
245 1604 399 1700 quaedam
417 1625 511 1689 non,
524 1621 565 1673 ut
582 1601 712 1674 ridicas
726 1624 788 1696 pro
804 1599 939 1689 faurces,
954 1600 1046 1674 faux.
1058 1599 1127 1673 Ubi
1142 1600 1201 1672 ad·

245 1711 352 1812 ditur,
367 1735 410 1784 ex
425 1711 572 1808 quadam
593 1728 706 1805 parte,
719 1708 881 1807 fignificat
896 1734 968 1783 non
985 1709 1050 1782 elle
1064 1709 1099 1780 in
1115 1731 1201 1782 eon·

244 1820 418 1895 suetudine
444 1821 479 1891 in
506 1819 577 1892 heis
601 1818 735 1892 verbeis
758 1819 891 1891 omneis
916 1818 1056 1915 parteis:
1080 1834 1118 1889 ut
1139 1816 1200 1889 de·

131 1973 135 1990 v
244 1930 407 2028 clinatum
424 1952 525 2018 amo,
542 1927 649 2022 juvo,
668 1952 786 2015 amor,
808 1926 923 2018 juvor.
943 1923 1041 2017 Quid
1065 1924 1201 1998 videre·

242 2051 302 2111 tur
319 2036 472 2132 analogia
490 2035 525 2106 iu
547 2021 724 2122 oratione,
739 2034 777 2107 δι
793 2056 876 2129 quas
893 2032 1029 2104 haberet
1049 2030 1174 2125 species
1184 2085 1199 2119 ,
1325 2078 1327 2084 »
1413 2133 1414 2168 1

242 2141 283 2216 δι
298 2157 376 2239 qua
393 2143 433 2211 de
450 2138 520 2210 heis
539 2138 702 2233 sequenda
723 2138 937 2228 viderentur,
959 2157 999 2226 ut
1019 2138 1117 2209 brevi
1132 2159 1199 2232 po·

86 2335 91 2342 ,
243 2249 313 2337 tui,
334 2248 530 2320 informavi.
552 2270 643 2318 nunc
667 2245 703 2319 in
730 2244 853 2345 quibus
876 2270 950 2320 non
975 2246 1094 2320 debeat
1115 2247 1199 2335 elie,

242 2384 283 2435 ac
304 2358 447 2456 proinde
464 2382 505 2432 ac
524 2357 661 2447 debeat,
675 2356 782 2431 soleat
796 2358 926 2454 quaeri,
945 2358 1063 2433 dicem
1080 2359 1128 2430 Ea
1146 2356 1198 2429 fe·
1336 2435 1342 2446 ,
1413 2391 1414 2402 ¹

224 2497 280 2556 ‘se
299 2468 373 2544 sunt
392 2489 553 2569 quattuor
569 2494 709 2568 genera:
725 2470 869 2568 primum
888 2469 925 2545 in
944 2469 980 2542 id
995 2493 1100 2566 genus
1119 2492 1198 2540 ver·

240 2582 334 2670 beis,
358 2607 435 2678 quie
461 2605 533 2653 non
561 2578 793 2671 declinantur,
817 2579 971 2679 analogia
999 2604 1071 2652 non
1099 2580 1200 2654 debet

240 2694 369 2791 quari,
391 2714 428 2767 ut
454 2694 490 2766 in
515 2693 606 2782 heis,
630 2717 795 2790 nequam,
818 2717 921 2782 mox,
948 2692 1019 2766 vix.
1043 2696 1100 2766 De
1124 2692 1199 2766 heis

240 2804 346 2901 magis
366 2804 402 2877 in
420 2803 510 2891 alio,
531 2829 630 2901 quam
652 2803 687 2877 in
709 2805 779 2877 alio
798 2827 927 2877 erratur
945 2804 1063 2900 verbo.
1079 2804 1198 2877 dicunt

157 2983 158 2988 ,
240 2912 330 2988 enim
357 2937 428 2985 non
454 2911 576 2985 habere
596 2910 690 2987 casus
708 2937 791 2985 mort
812 2913 851 2986 δι
874 2911 955 2998 vix,
976 2933 1117 3009 nequam
1135 2914 1198 2985 lta-⁶
1309 2913 1313 2918 ’

230 3022 337 3097 -beret
351 3007 445 3120 quod
467 3021 639 3111 dicamus,
658 3021 716 3095 hic
736 3022 899 3117 nequam,
913 3017 1011 3111 hujus
1032 3045 1198 3120 nequam,

215 3187 217 3196 ι
238 3129 320 3202 huic
340 3153 482 3224 nequam
491 3133 504 3200 ι’
518 3153 593 3202 cum
613 3127 856 3225 intellegimus,
870 3149 927 3198 aut
941 3125 1089 3200 hominis
1105 3128 1197 3221 ejus,

161 3229 166 3238 ’
238 3260 341 3331 quem
358 3238 521 3309 volumus
540 3236 715 3309 ostendere
732 3234 795 3307 elle
811 3258 973 3330 nequam,
987 3227 1128 3309 dicimus
1140 3259 1197 3308 ca·

108 3387 110 3392 s
237 3346 311 3432 sus,
331 3349 369 3419 δι
391 3346 423 3419 ei
447 3346 695 3442 preponimus,
722 3369 817 3433 non,
841 3343 937 3438 cujus
959 3365 1111 3441 putamus
1135 3371 1197 3418 ne-

238 3457 390 3552 quitiam.
415 3459 523 3548 Quod
544 3459 751 3532 vocabulum
773 3456 918 3546 fadum,
942 3478 981 3529 ut
1002 3461 1133 3527 ex'non
1157 3458 1196 3530 dt

239 3566 349 3653 volo,
371 3566 489 3652 Nolo;
510 3567 555 3642 stc
573 3593 616 3640 ex
636 3594 679 3642 ne
703 3572 742 3644 δι
764 3570 965 3667 quidquam,
978 3567 1065 3640 'item
1085 3559 1197 3640 media
1210 3621 1221 3632 .,

237 3678 360 3751 extrita
389 3676 539 3777 syllaba,
570 3681 724 3753 coadum
751 3680 798 3752 ell
823 3681 988 3777 Nequam.
1012 3680 1126 3773 ltaque
1155 3693 1196 3749 ut
1335 3687 1343 3708 ‘

1408 3815 1414 3966 l

238 3815 334 3882 eum,
348 3814 449 3894 quem
465 3798 620 3893 putamus
639 3792 786 3866 ellenon
806 3789 887 3884 nili,
906 3791 1049 3867 dicimus
1064 3789 1195 3876 Nihili3
