2834 4567
291 302 320 356 x
465 286 516 356 u.
544 241 781 355 rincum
805 284 1057 355 VAuuouts

291 473 348 544 que
368 447 468 536 circo,
490 449 538 518 ita
556 452 725 518 Varronem
746 449 882 541 graviter
906 446 1034 545 afflixit.
1054 449 1141 519 Nam
1165 450 1245 520 inter

285 556 486 650 proscriptor
501 581 570 627 eum
597 561 703 627 retulit
729 560 920 643 Antonius;
937 556 1007 654 stre
1025 580 1148 650 propter
1167 560 1246 628 inti·

291 694 375 737 marn
394 667 647 757 familiaritatem
675 669 851 751 Ciceronis,
869 665 940 764 stre
967 670 1005 737 ab
1033 669 1183 756 diuitias,
1211 662 1247 738 ὃ·

285 776 439 869 pretiofits
453 773 666 874 paffeffiortes‚
686 802 764 869 quas
786 778 838 848 ille
847 777 997 869 scelerum
1009 777 1141 869 suorum
1165 804 1246 850 mer·

289 890 388 958 cedem
414 892 574 984 quarebat.
596 889 723 962 Habuit
741 893 823 960 enim
844 894 946 978 Varro
965 893 1128 982 pecuarias
1146 915 1246 984 gran·
1342 898 1344 902 ’

289 1002 366 1084 des,·
396 1004 431 1069 in
454 1002 600 1092 Appulia
627 999 792 1087 oriarias,
817 1000 852 1067 in
876 999 1010 1069 Reatino
1029 1001 1187 1091 eutarius,
1212 994 1246 1068 θ’

289 1112 443 1200 utrobique
462 1108 613 1204 latiffima
628 1111 773 1204 pascua,
795 1108 843 1178 ita
862 1132 897 1210 ut
912 1106 981 1192 cius
998 1133 1122 1202 greges,
1139 1109 1194 1200 qui
1210 1110 1248 1178 in

289 1221 434 1288 Reatinis
453 1225 614 1296 montibus
636 1221 836 1318 usitabant,
863 1222 898 1289 in
930 1222 1078 1313 Appulia
1103 1221 1248 1290 hiberna·

286 1352 365 1400 reret.
395 1331 543 1400 Praterea
570 1334 664 1401 uillas
698 1330 906 1426 ornatiffimas
941 1328 974 1403 ὃ·
997 1330 1247 1429 fruilofiffimat,
1336 1350 1338 1354 “

287 1461 384 1506 unam
407 1440 442 1507 in
465 1440 628 1524 Cumano,
643 1442 693 1509 ceti
712 1444 863 1532 proxima
877 1438 950 1529 sitit
972 1442 1247 1528 Ciceronisnttla,

287 1549 409 1615 celebris
424 1552 686 1620 Academiarum
712 1552 906 1650 questionum
927 1552 1046 1636 libris;
1062 1557 1190 1620 alteram
1210 1555 1246 1621 in

290 1659 486 1749 Tusculano,
502 1686 613 1731 emtam
632 1689 653 1731 a
674 1664 725 1732 Μ.
745 1665 849 1753 Pupio
873 1660 1007 1750 Pisone,
1026 1663 1060 1730 in
1082 1685 1144 1751 qua
1165 1663 1247 1729 mi'ra

287 1793 358 1837 curn
373 1776 529 1861 uoluptate
543 1775 588 1840 al
600 1773 761 1841 buccinam
780 1769 924 1866 inflatam
941 1793 1018 1839 terto
1032 1796 1164 1863 tempore
1177 1774 1248 1862 apri

262 1872 322 1946 ,δ’
345 1903 440 1969 capra
461 1882 619 1949 contenire
646 1884 692 1951 ad
705 1882 857 1974 pabulum
868 1877 1090 1971 spatiabantur
1094 1906 1111 1962 ;
1127 1884 1247 1948 tertiam

286 1986 323 2053 ire
348 1987 527 2078 Pomptino.
560 1991 653 2082 Quas
671 2013 776 2059 omncs
796 1991 947 2082 elegantia
967 1988 1158 2080 artificioque
1172 1992 1249 2058 rin,

287 2098 373 2166 celat
397 2103 465 2166 alia
483 2099 546 2189 sub
580 2100 694 2189 oppido
727 2094 840 2192 Castno
857 2095 994 2191 flumini
1012 2099 1155 2187 finitima
1165 2125 1182 2183 ,·
1212 2077 1248 2169 in
1293 2165 1295 2170 ,

288 2230 351 2299 qua
371 2229 435 2275 erat
452 2209 599 2276 omitltort
624 2207 726 2275 animi
750 2204 844 2296 causa
865 2203 1067 2303 constitutus,
1082 2207 1136 2297 qui
1158 2212 1248 2299 longe
1388 2275 1389 2278 ,

190 2371 203 2406 r
281 2320 454 2416 superabat
469 2345 537 2390 nort
555 2319 860 2421 morlo-archetyport
885 2319 1057 2386 inventoris
1077 2319 1126 2386 Μ.
1148 2319 1249 2390 Lanii

289 2429 460 2500 Strabonis
476 2479 487 2516 ‚
501 2427 565 2519 sed
591 2430 682 2496 etiam
706 2431 741 2496 in
773 2427 951 2519 Tusculano
980 2451 1128 2519 magnum
1151 2428 1249 2515 adifi-

289 2545 371 2612 cium
399 2542 536 2611 Luculli.
558 2541 674 2625 Hanc,
697 2540 842 2631 quamtis
859 2538 923 2631 sub
950 2537 1038 2637 ltasta
1057 2532 1166 2633 uertisse
1193 2563 1249 2607 rte·

290 2677 342 2722 mo
358 2649 498 2747 uiliffet,
510 2654 644 2742 pervim
669 2646 703 2720 δ’
722 2649 873 2734 iniuriam
892 2649 1050 2718 involavit
1064 2651 1250 2737 Antonius,

290 2764 477 2855 diripuitque
509 2763 591 2830 illud
619 2760 787 2853 Musarum
805 2759 1002 2852 sacrarium,
1029 2762 1064 2829 irc
1090 2783 1149 2850 quo
1174 2756 1250 2841 iura

285 2877 399 2966 populi
426 2876 518 2943 Rom.
546 2895 746 2940 monumenta
767 2869 940 2955 maionem,
968 2872 1072 2939 omnis
1087 2868 1250 2961 sapientia

227 3069 230 3076 ι
291 2985 389 3065 ratio,
407 2978 565 3071 omnisque
585 2981 725 3049 doilrina
746 2981 842 3047 literis
864 2980 1082 3049 mandabatur.
1106 2979 1179 3070 Quo
1187 2977 1250 3067 fa·
1337 2981 1340 2996 '

292 3086 391 3175 ilum,
413 3110 449 3155 ut
467 3091 635 3178 complures
653 3084 725 3154 libri
748 3107 775 3152 a
797 3090 941 3155 Varrone
955 3083 1092 3177 scripti,
1112 3081 1145 3154 (r
1165 3111 1250 3154 non·

291 3199 367 3265 dum
389 3196 486 3294 editi,
507 3219 582 3265 tunc
603 3193 756 3288 perirent:
770 3197 853 3286 quod
877 3192 940 3285 ipse
959 3195 1014 3265 lib.
1036 3197 1139 3287 primo
1165 3194 1251 3263 Heb-

292 3311 418 3376 domati.
446 3289 576 3406 testatur.
603 3309 660 3376 Sic
686 3311 785 3373 Varro
805 3303 902 3373 unius
917 3299 1019 3392 fundi
1042 3308 1141 3397 pretio
1162 3302 1254 3398 quasi

294 3419 461 3500 redemtus,
481 3415 672 3506 et'cemeusquc
690 3438 816 3482 numero
833 3409 1094 3504 proscriptorum,
1110 3404 1249 3504 gravi&

164 3589 168 3596 .
290 3526 467 3620 periculosa
480 3526 551 3617 reip.
560 3529 700 3616 procella
707 3522 1011 3617 supcfitiemnmm
1023 3544 1117 3613 agens
1119 3520 1250 3612 scptua·
1384 3609 1388 3616 Ι

295 3634 439 3731 gcfimrtm
451 3657 604 3727 quartum.
618 3638 747 3704 Moruto
757 3639 856 3726 paulo
863 3633 933 3731 post
943 3637 978 3702 in
991 3632 1134 3722 AEgypto
1151 3625 1257 3698 Anto*

293 3747 370 3833 nio,
385 3771 454 3817 tum
466 3749 512 3817 acl
523 3747 643 3840 imperii
654 3744 817 3847 fastigium
830 3742 945 3818 araus
959 3735 1029 3838 effer
1043 3740 1145 3832 Cesar
1156 3739 1250 3811 Oila-

762 4057 774 4098 Χ
