2834 4567
305 340 370 414 DE
395 336 572 412 LiNGUA
598 335 772 410 LATINA
798 336 877 411 ΗΒ.
902 338 961 411 vi.
1061 363 1108 435 97

143 498 303 590 Astium,
322 499 460 574 Multeis
477 523 603 571 nomen
629 497 777 571 vestrum
795 523 988 596 numenque
1014 499 1111 574 cien-

147 615 207 687 do.
228 615 364 686 Numen
381 611 498 685 dicunt
516 608 581 682 effe
595 608 795 706 imperium,
816 610 940 685 diuum
953 614 995 686 ab
1016 635 1113 692 nmu.

146 722 264 794 omnia
279 716 395 794 sum
367 743 458 812 elus,
473 714 571 810 cujus
584 715 766 814 imperium
784 718 965 792 maximum
979 721 1094 795 esse
1059 749 1113 797 vi·

145 828 277 902 deatuc
291 826 430 925 itaque
421 853 454 897 m
465 825 555 898 Jove
569 823 658 917 hoc,
671 828 709 900 δι
726 828 915 916 Homerus,
926 831 963 903 &
975 830 1113 928 aliquo·

55 927 60 934 ¹
145 938 236 1011 tiens
260 937 386 1010 Livius
415 923 532 1032 Apud
543 933 723 1025 Plautum,
744 937 779 1008 Si
806 962 912 1010 unum
940 940 1116 1043 epityrum

146 1045 247 1119 edam
270 1044 360 1140 apud
377 1041 473 1114 illum
501 1027 646 1115 esurietis
669 989 785 1115 iudane
813 1044 909 1118 bene.
932 1045 1115 1149 Epityrum
1146 1111 1152 1124 .
1209 1099 1213 1106 -

147 1152 361 1232 uocabulum
381 1150 428 1224 est
440 1150 613 1249 c1b1‚quo
634 1149 846 1251 frequentius
867 1155 1000 1248 Sicilia,
1014 1183 1117 1258 quam

146 1261 267 1353 ltalia,
286 1260 340 1333 usa
322 1287 352 1335 a.
377 1263 466 1333 idem
492 1262 711 1335 vehementer
740 1288 817 1335 cum
845 1264 950 1340 veliet
974 1266 1117 1361 dicere,

149 1375 236 1449 dicit
259 1375 390 1451 insane:
405 1376 500 1472 quod
514 1374 620 1448 insani
640 1374 768 1449 faciunt
787 1376 903 1449 omnia
929 1381 1118 1455 vehemen-

149 1509 214 1559 ter.
245 1486 345 1582 Apud
373 1484 585 1572 Pacuvium,
614 1485 808 1558 Flexauime
840 1503 1000 1586 tanquam
1024 1489 1120 1588 lym·

150 1599 263 1694 phata.
281 1596 455 1670 Dicitura
476 1596 618 1694 lympha
638 1596 826 1693 Nympha:
850 1615 887 1669 ut
907 1599 998 1694 apud
1018 1604 1121 1694 Grae..
1249 1647 1253 1654 .

152 1731 216 1782 cos
236 1705 370 1778 Thetis.
390 1703 491 1797 Apud
509 1703 677 1792 Ennium,
690 1705 736 1774 Ea
750 1701 869 1775 Thetis
885 1704 933 1773 illi
955 1729 1068 1782 mater.
1084 1715 1122 1784 ln
1245 1795 1246 1798 Ἴ

154 1819 292 1893 Gtaecia
307 1834 482 1892 commota
504 1836 637 1904 mente,
651 1840 741 1915 quos
759 1821 989 1900 λυμφολήπους
1006 1823 1125 1915 appel.

154 1930 251 2014 lan13
274 1927 318 1998 ab
338 1950 382 1999 eo
406 1925 620 2022 Lymphatos
643 1925 802 1998 dixerunt
827 1926 943 2002 nostri.
972 1927 1126 2009 Bacchus
1265 2007 1270 2020 ,

158 2039 279 2123 Liber,
291 2033 389 2129 cujus
401 2034 545 2108 comites
559 2034 718 2107 Bacchae:
729 2036 768 2108 δι
782 2034 900 2108 vinum
915 2036 950 2109 in
966 2039 1127 2136 Hispania

158 2146 297 2220 Baccha
312 2145 412 2242 origo
423 2141 459 2215 in
478 2141 549 2215 heis
563 2141 724 2215 omnibus
746 2144 878 2216 Graeca.
900 2146 1001 2241 Apud
1019 2149 1128 2225 Pacu·

23 2289 26 2298 ·
160 2256 257 2330 vium
270 2307 281 2343 ,
296 2251 486 2353 Halcyonis
501 2254 569 2326 ritu
583 2252 661 2325 litus
683 2250 889 2348 pervolgatis
910 2252 1015 2332 furor.
1040 2262 1125 2338 Haec
1253 2315 1259 2332 .

160 2366 253 2439 enim
273 2364 344 2436 avis
368 2387 460 2435 nunc
481 2364 604 2434 Graece
626 2360 751 2434 dicitur
778 2365 915 2442 ἁλκυὼν,
937 2393 956 2440 a
985 2372 1128 2454 nostras

161 2471 334 2547 Haiccdo:
348 2467 421 2543 haec
441 2470 552 2542 hieme
568 2470 665 2567 quod
680 2468 793 2566 pullos
807 2471 929 2545 dicitur
942 2463 1129 2575 tranduilio

162 2579 247 2655 mari
265 2579 382 2662 facere.
394 2579 948 2679 eosdiesHaicyoniosappeliant.
961 2586 1069 2679 Quod
1082 2594 1130 2667 est

163 2689 200 2765 in
218 2689 314 2764 versu
294 2689 548 2789 u‚Haicyonis
568 2691 655 2763 ritu·
675 2690 708 2761 id
732 2690 778 2762 est
791 2688 888 2784 ,ejus
906 2690 1073 2775 instituto.
1092 2677 1145 2779 utx

165 2827 244 2877 cum
259 2796 434 2893 Haruspex
453 2797 631 2896 precipit,
645 2816 683 2870 ut
697 2797 759 2869 suo
777 2798 955 2896 quisque
929 2823 995 2882 utu
1008 2806 1134 2884 sacrifi.

45 2913 47 2918 ’
167 2912 256 2985 cium
272 2907 393 2981 faciat·
413 2908 450 2979 dc
465 2930 528 2978 uos
546 2905 689 2978 dicimus
701 2906 931 3008 duodecim
897 2935 991 2984 viros
1006 2918 1133 2996 Graeco

168 3019 237 3091 r'itu
252 3015 356 3105 sacra,
365 3040 436 3087 non
452 3014 636 3102 Romano,
645 3007 761 3086 facere.
776 2993 886 3107 Quod
897 3016 986 3088 cuim
1001 3019 1080 3093 fit
1053 3045 1134 3118 rue,

168 3127 205 3201 id
226 3143 333 3196 ratum
354 3150 392 3198 ac
412 3125 562 3198 redum:
584 3124 690 3197 abeo
712 3126 827 3197 Adius
849 3128 936 3198 rede
960 3130 1134 3222 perfecieis

169 3232 291 3312 sacreis
314 3230 389 3304 vult
407 3232 526 3329 accipi.
540 3236 640 3331 Apud
658 3229 874 3321 Ennium‚Si
891 3238 989 3307 voles
1008 3239 1137 3321 advor.

117 3391 120 3397 ·
170 3365 242 3421 tere
262 3342 434 3432 animum,
447 3343 591 3417 comiter
613 3341 864 3417 monstrabitur.
886 3343 1065 3442 Comiter,
1084 3356 1139 3430 hie

170 3461 240 3535 lare
261 3481 301 3532 ec
324 3455 504 3545 iubentem
519 3453 626 3548 *cuius
648 3453 752 3552 origo
775 3454 898 3548 Graece
917 3461 1033 3538 κῶμοςε
1056 3462 1136 3542 inde
1251 3451 1252 3454 Ἴ

174 3570 290 3645 Latina
308 3566 499 3641 comiffatio
521 3567 627 3654 dida,
641 3563 679 3638 δι
702 3563 893 3664 εβτιιιείε
916 3557 976 3661 (ut
997 3574 1136 3665 quidam

169 3672 319 3773 dicunt)
347 3675 543 3761 Comoedia.
573 3672 672 3769 Apud
704 3668 878 3743 Atilium:
901 3674 1020 3768 Cape,
1046 3681 1138 3755 caede

177 3781 294 3888 L'yde,
310 3809 430 3872 come,
451 3783 574 3860 conde.
593 3783 708 3881 Cape,
728 3777 819 3856 unde
843 3780 982 3876 Accipe.
999 3782 1055 3858 sed
1072 3789 1140 3867 hoc

146 3899 148 3906 '
275 3898 327 3970 M.
354 3895 392 3969 T.
416 3899 530 3968 Varro.
917 3890 952 3963 G
