2834 4567
72 303 77 312 ’
184 397 189 406 .
311 343 377 418 1)ss
400 345 578 419 mucul
605 344 779 419 LnTntt
803 349 891 424 ιω·
908 352 994 424 vut
1071 378 1136 452 143

170 510 276 584 altera
293 498 328 582 iti
347 508 592 608 singularibus,
603 507 714 582 ultera
734 507 770 580 iu
788 505 998 604 conjuntteis
1015 511 1139 599 rebus,
1243 505 1247 510 ’

172 625 213 698 &
235 642 272 696 ut
291 623 383 710 duo,
406 619 494 709 tria,
517 620 594 693 sunt
613 617 864 710 multitudinis,
887 620 934 694 lic
956 621 1055 714 bina,
1074 623 1140 696 tri·

171 761 228 809 na.
241 735 298 808 Est
314 734 453 808 tertium
471 756 610 832 quoque
623 756 731 831 genus
747 732 930 832 singulare,
942 753 981 804 ut
997 732 1034 807 itt
1053 734 1141 807 mul·
1214 753 1222 776 s

170 844 340 934 titudine,
357 863 451 918 uter:
466 843 502 916 in
522 867 595 940 quo
608 841 853 934 multitudinis,
866 862 904 917 ut
921 862 1014 933 uter,
1033 845 1141 920 uttei:

170 979 249 1029 uter
270 973 373 1054 poeta
388 953 582 1053 fingulatis,
601 953 689 1028 uttei
706 973 820 1051 poetae
837 955 1064 1030 multitudinis
1079 958 1141 1033 est.

169 1068 255 1159 Qua
275 1064 441 1162 explicata
459 1079 600 1156 natura,
620 1083 779 1162 apparet,
792 1090 865 1138 non
887 1065 1009 1140 debete
1021 1064 1140 1141 omnia

171 1176 346 1251 vocabula
361 1175 586 1249 multitudinis
604 1176 727 1249 habere
744 1200 806 1272 pat
824 1177 1000 1276 singulare.
1018 1201 1141 1253 omnes

172 1286 265 1361 enim
291 1285 455 1360 numeria
480 1288 616 1362 duobus
643 1286 771 1361 sutst'tnt
801 1287 919 1360 versus
946 1284 1140 1358 multitudi-

171 1395 226 1468 nis
251 1395 348 1485 sunt3
377 1423 490 1496 neque
519 1423 639 1472 eorum
668 1396 845 1496 quisquam
870 1396 996 1468 habere
1026 1395 1141 1492 potest

171 1503 337 1603 fingulare
363 1532 514 1606 compar.
541 1505 666 1602 lnjuria
689 1506 793 1603 igitur
821 1506 1015 1602 postulant,
1033 1506 1058 1578 fi
1074 1530 1141 1605 qua

171 1613 238 1687 lint
252 1615 450 1714 singularia,
464 1639 627 1718 oportere
640 1616 763 1688 habere
784 1615 1042 1692 multitudinein
1054 1619 1139 1691 ltem

170 1721 236 1821 qui
251 1724 523 1820 reprehendunt,
545 1722 643 1820 quod
664 1746 737 1794 non
756 1720 912 1812 dicatur,
928 1741 967 1793 ut
983 1747 1140 1819 unguen·

170 1852 248 1904 tum
267 1848 459 1928 unguenta,
477 1827 599 1900 vinum
617 1826 720 1913 vina;
739 1827 783 1900 lic
802 1845 934 1901 acetum
952 1845 1045 1902 aceta
1055 1883 1067 1920 ,
1083 1851 1144 1928 gat

172 1963 250 2011 rum
264 1963 363 2037 garae
377 1936 504 2013 faciunt
514 1937 697 2034 impetite,
712 1937 771 2035 qui
791 1936 839 2010 ibi
854 1937 1039 2013 defiderant
1051 1940 1141 2012 mul·

172 2045 327 2120 titudinis
346 2042 674 2143 vocabulum,'quae
698 2046 759 2118 sub
782 2045 971 2121 mensuram
991 2072 1032 2123 ac
1051 2073 1141 2145 pon·

173 2157 254 2231 deta
279 2158 415 2255 potius,
437 2181 539 2257 quam
563 2158 622 2232 sub
642 2183 819 2234 numerum
845 2158 1036 2234 succedant.
1060 2187 1139 2235 nant

173 2266 209 2340 in
226 2268 387 2364 plumbo,
402 2269 505 2354 oleo,
526 2289 691 2368 argento,
714 2295 791 2345 cum
814 2269 1061 2344 incrementum
1081 2297 1140 2346 ac·

152 2378 288 2464 ,celin
301 2377 463 2470 dicimus,
475 2380 618 2454 multum
630 2380 765 2466 oleum,
782 2380 924 2452 multum
940 2379 1139 2475 plumbum,

170 2508 369 2588 argentum:
391 2513 462 2563 non
479 2490 584 2564 multa
600 2490 695 2580 olea,
714 2490 872 2587 plumba,
890 2509 1046 2587 argenta:
1061 2517 1140 2567 cunt

170 2625 251 2698 quae
268 2625 313 2674 ex
333 2600 442 2675 heisce
461 2597 559 2693 fiant,
575 2601 725 2674 dicamus
745 2600 931 2696 plumbea,
952 2604 989 2674 &
1014 2626 1139 2700 argen-

172 2730 237 2785 tea.
256 2711 346 2785 aliud
364 2710 455 2784 enim
474 2736 552 2786 cum
574 2737 616 2784 ex
636 2729 796 2810 argento:
816 2710 945 2785 numid
966 2730 1039 2784 tum
1059 2739 1140 2787 cum

172 2820 239 2917 jam
257 2847 316 2896 vas
339 2837 556 2922 argenteum,
575 2842 633 2895 aut
652 2820 839 2919 pocillum,
858 2841 916 2896 aut
933 2822 1015 2921 quid
1035 2821 1140 2897 item:

172 2932 271 3029 quod
289 2932 415 3027 pocilla
438 2929 595 3030 argentea
618 2930 743 3021 multa,
762 2945 834 3005 non'
851 2934 946 3029 quod
965 2953 1141 3028 argentum

172 3042 330 3116 multum.
354 3069 393 3117 ea
418 3062 559 3134 natura,
585 3041 769 3139 inquibus
793 3042 840 3116 est
864 3043 1039 3126 mensura,
1064 3066 1140 3116 non

173 3176 354 3249 numerus,
373 3154 397 3226 fi
419 3177 541 3252 genera
558 3152 594 3225 in
612 3151 645 3224 se
663 3153 787 3228 habent
805 3153 917 3249 plura,
937 3157 974 3226 δι
990 3152 1026 3222 in
1043 3150 1141 3228 usum
1207 3163 1215 3184 ²

172 3280 367 3353 venerunt,
386 3264 424 3336 δι
441 3288 563 3362 genere
580 3263 705 3358 multo,
718 3266 764 3337 fic
784 3264 885 3352 vina,
905 3279 1075 3358 unguenta
1090 3263 1141 3336 di·

172 3375 236 3448 aa.
256 3371 343 3447 alius
364 3372 454 3446 enim
471 3371 603 3471 generis
632 3372 775 3460 viuum,
796 3370 892 3469 quod
915 3370 1031 3462 Chio,
1055 3372 1142 3446 alius

134 3545 138 3558 .
173 3482 269 3581 quod
288 3481 413 3558 Lesbo·
429 3481 486 3556 sic
510 3506 555 3556 ex
576 3479 796 3579 regionibus,
817 3504 896 3577 quae
919 3479 989 3577 ipsa
1017 3482 1141 3556 dicun·

172 3612 250 3684 tut,
275 3619 369 3668 nunc
393 3587 513 3667 melius
535 3609 729 3690 unguenta,
747 3589 803 3662 cui
825 3614 917 3664 nunc
937 3616 1059 3688 genera
1079 3592 1141 3664 ali·

172 3711 271 3805 quot.
289 3702 324 3776 Si
343 3702 424 3777 item
445 3700 637 3777 discrimina
655 3723 778 3796 magna
794 3699 897 3772 effent
916 3700 985 3774 olei
1005 3705 1044 3776 δι
1061 3724 1140 3772 ace·

173 3812 221 3908 ti,
233 3815 273 3890 &
285 3811 331 3891 fic
348 3831 534 3891 ceterarum
547 3837 660 3889 retum
674 3808 908 3909 hujuscemodi
920 3809 956 3886 in
970 3809 1140 3886 usucom·
