<?xml version="1.0" encoding="UTF-8"?>
<!DOCTYPE html PUBLIC "-//W3C//DTD XHTML 1.0 Transitional//EN"
    "http://www.w3.org/TR/xhtml1/DTD/xhtml1-transitional.dtd">
<html xmlns="http://www.w3.org/1999/xhtml" xml:lang="en" lang="en">
 <head>
  <title>
</title>
<meta http-equiv="Content-Type" content="text/html;charset=utf-8" />
  <meta name='ocr-system' content='tesseract 3.04.00' />
  <meta name='ocr-capabilities' content='ocr_page ocr_carea ocr_par ocr_line ocrx_word'/>
</head>
<body>
  <div class='ocr_page' id='page_1' title='image "./mtervarronisdel00bipogoog/mtervarronisdel00bipogoog_0103.png"; bbox 0 0 2834 4567; ppageno 0'>
   <div class='ocr_carea' id='block_1_1' title="bbox 310 393 1107 495">
    <p class='ocr_par' dir='ltr' id='par_1_1' title="bbox 310 393 1107 495">
     <span class='ocr_line' id='line_1_1' title="bbox 310 393 1107 495; baseline -0.003 -25"><span class='ocrx_word' id='word_1_1' title='bbox 310 393 1107 495; x_wconf 62' lang='lat' dir='ltr'>mmmmm„</span> 
     </span>
    </p>
   </div>
   <div class='ocr_carea' id='block_1_2' title="bbox 59 555 1186 2519">
    <p class='ocr_par' dir='ltr' id='par_1_2' title="bbox 59 555 1186 2519">
     <span class='ocr_line' id='line_1_2' title="bbox 149 555 1107 662; baseline 0.002 -32"><span class='ocrx_word' id='word_1_2' title='bbox 149 555 195 630; x_wconf 87' lang='lat' dir='ltr'>ab</span> <span class='ocrx_word' id='word_1_3' title='bbox 207 578 249 630; x_wconf 88' lang='lat' dir='ltr'>eo</span> <span class='ocrx_word' id='word_1_4' title='bbox 256 599 276 648; x_wconf 58' lang='grc' dir='ltr'>,ι</span> <span class='ocrx_word' id='word_1_5' title='bbox 285 556 379 653; x_wconf 88' lang='lat' dir='ltr'>quod</span> <span class='ocrx_word' id='word_1_6' title='bbox 392 555 464 630; x_wconf 84' lang='lat' dir='ltr'>heis</span> <span class='ocrx_word' id='word_1_7' title='bbox 477 555 592 630; x_wconf 81' lang='lat' dir='ltr'>diebus</span> <span class='ocrx_word' id='word_1_8' title='bbox 606 556 763 631; x_wconf 82' lang='lat' dir='ltr'>kalentur</span> <span class='ocrx_word' id='word_1_9' title='bbox 775 555 847 652; x_wconf 82' lang='lat' dir='ltr'>ejus</span> <span class='ocrx_word' id='word_1_10' title='bbox 860 555 978 631; x_wconf 76' lang='lat' dir='ltr'>ments</span> <span class='ocrx_word' id='word_1_11' title='bbox 992 558 1107 662; x_wconf 68' lang='lat' dir='ltr'>Nona</span> 
     </span>
     <span class='ocr_line' id='line_1_3' title="bbox 149 664 1108 784; baseline 0.001 -45"><span class='ocrx_word' id='word_1_12' title='bbox 149 664 425 762; x_wconf 77' lang='lat' dir='ltr'>apontificibus,</span> <span class='ocrx_word' id='word_1_13' title='bbox 446 665 657 764; x_wconf 76' lang='lat' dir='ltr'>quintanaene</span> <span class='ocrx_word' id='word_1_14' title='bbox 686 692 731 739; x_wconf 83' lang='lat' dir='ltr'>an</span> <span class='ocrx_word' id='word_1_15' title='bbox 752 665 943 784; x_wconf 70' lang='lat' dir='ltr'>septirnanae</span> <span class='ocrx_word' id='word_1_16' title='bbox 964 665 1028 746; x_wconf 74' lang='lat' dir='ltr'>lint</span> <span class='ocrx_word' id='word_1_17' title='bbox 1052 666 1108 740; x_wconf 88' lang='lat' dir='ltr'>fu·</span> 
     </span>
     <span class='ocr_line' id='line_1_4' title="bbox 150 777 1110 874; baseline 0.002 -22"><span class='ocrx_word' id='word_1_18' title='bbox 150 799 254 868; x_wconf 82' lang='lat' dir='ltr'>tttrae,</span> <span class='ocrx_word' id='word_1_19' title='bbox 266 780 302 852; x_wconf 90' lang='lat' dir='ltr'>in</span> <span class='ocrx_word' id='word_1_20' title='bbox 313 777 486 874; x_wconf 80' lang='lat' dir='ltr'>Capitulio</span> <span class='ocrx_word' id='word_1_21' title='bbox 498 779 533 852; x_wconf 92' lang='lat' dir='ltr'>in</span> <span class='ocrx_word' id='word_1_22' title='bbox 548 780 641 853; x_wconf 87' lang='lat' dir='ltr'>curia</span> <span class='ocrx_word' id='word_1_23' title='bbox 653 780 799 854; x_wconf 86' lang='lat' dir='ltr'>Kalabra</span> <span class='ocrx_word' id='word_1_24' title='bbox 813 780 858 853; x_wconf 85' lang='lat' dir='ltr'>fic</span> <span class='ocrx_word' id='word_1_25' title='bbox 871 781 988 870; x_wconf 71' lang='lat' dir='ltr'>diue,</span> <span class='ocrx_word' id='word_1_26' title='bbox 999 780 1110 873; x_wconf 86' lang='lat' dir='ltr'>Quin·</span> 
     </span>
     <span class='ocr_line' id='line_1_5' title="bbox 150 887 1111 989; baseline -0.004 -25"><span class='ocrx_word' id='word_1_27' title='bbox 150 914 218 989; x_wconf 86' lang='lat' dir='ltr'>que</span> <span class='ocrx_word' id='word_1_28' title='bbox 247 889 332 963; x_wconf 84' lang='lat' dir='ltr'>kalo</span> <span class='ocrx_word' id='word_1_29' title='bbox 351 890 438 962; x_wconf 86' lang='lat' dir='ltr'>luno</span> <span class='ocrx_word' id='word_1_30' title='bbox 462 887 620 961; x_wconf 86' lang='lat' dir='ltr'>Novella.</span> <span class='ocrx_word' id='word_1_31' title='bbox 649 887 784 984; x_wconf 81' lang='lat' dir='ltr'>Septem</span> <span class='ocrx_word' id='word_1_32' title='bbox 809 887 891 960; x_wconf 85' lang='lat' dir='ltr'>kalo</span> <span class='ocrx_word' id='word_1_33' title='bbox 919 890 1008 962; x_wconf 90' lang='lat' dir='ltr'>luno</span> <span class='ocrx_word' id='word_1_34' title='bbox 1033 889 1111 960; x_wconf 63' lang='lat' dir='ltr'>Noa</span> 
     </span>
     <span class='ocr_line' id='line_1_6' title="bbox 125 993 1111 1094; baseline -0.004 -24"><span class='ocrx_word' id='word_1_35' title='bbox 125 1017 129 1028; x_wconf 82' lang='grc'>’</span> <span class='ocrx_word' id='word_1_36' title='bbox 149 996 248 1070; x_wconf 77' lang='lat' dir='ltr'>vella.</span> <span class='ocrx_word' id='word_1_37' title='bbox 262 998 374 1070; x_wconf 80' lang='lat' dir='ltr'>Nonae</span> <span class='ocrx_word' id='word_1_38' title='bbox 392 993 587 1092; x_wconf 66' lang='lat' dir='ltr'>appellata,</span> <span class='ocrx_word' id='word_1_39' title='bbox 604 1011 664 1068; x_wconf 89' lang='lat' dir='ltr'>aut</span> <span class='ocrx_word' id='word_1_40' title='bbox 680 997 776 1094; x_wconf 86' lang='lat' dir='ltr'>quod</span> <span class='ocrx_word' id='word_1_41' title='bbox 787 1015 863 1068; x_wconf 87' lang='lat' dir='ltr'>ante</span> <span class='ocrx_word' id='word_1_42' title='bbox 875 994 962 1068; x_wconf 88' lang='lat' dir='ltr'>diem</span> <span class='ocrx_word' id='word_1_43' title='bbox 978 1019 1111 1067; x_wconf 86' lang='lat' dir='ltr'>nonum</span> 
     </span>
     <span class='ocr_line' id='line_1_7' title="bbox 149 1104 1111 1203; baseline 0.002 -27"><span class='ocrx_word' id='word_1_44' title='bbox 149 1105 256 1181; x_wconf 84' lang='lat' dir='ltr'>Eidus</span> <span class='ocrx_word' id='word_1_45' title='bbox 273 1105 424 1202; x_wconf 80' lang='lat' dir='ltr'>semper,</span> <span class='ocrx_word' id='word_1_46' title='bbox 443 1121 503 1178; x_wconf 87' lang='lat' dir='ltr'>aut</span> <span class='ocrx_word' id='word_1_47' title='bbox 523 1106 620 1203; x_wconf 90' lang='lat' dir='ltr'>quod</span> <span class='ocrx_word' id='word_1_48' title='bbox 637 1123 675 1178; x_wconf 89' lang='lat' dir='ltr'>ut</span> <span class='ocrx_word' id='word_1_49' title='bbox 693 1131 809 1178; x_wconf 81' lang='lat' dir='ltr'>novus</span> <span class='ocrx_word' id='word_1_50' title='bbox 823 1109 929 1179; x_wconf 82' lang='lat' dir='ltr'>annus</span> <span class='ocrx_word' id='word_1_51' title='bbox 945 1104 1111 1180; x_wconf 82' lang='lat' dir='ltr'>Kalendae</span> 
     </span>
     <span class='ocr_line' id='line_1_8' title="bbox 150 1215 1181 1314; baseline 0.005 -25"><span class='ocrx_word' id='word_1_52' title='bbox 150 1215 314 1289; x_wconf 81' lang='lat' dir='ltr'>lanuariae</span> <span class='ocrx_word' id='word_1_53' title='bbox 335 1217 378 1290; x_wconf 86' lang='lat' dir='ltr'>ab</span> <span class='ocrx_word' id='word_1_54' title='bbox 400 1237 499 1290; x_wconf 85' lang='lat' dir='ltr'>novo</span> <span class='ocrx_word' id='word_1_55' title='bbox 519 1215 590 1288; x_wconf 86' lang='lat' dir='ltr'>sole</span> <span class='ocrx_word' id='word_1_56' title='bbox 610 1218 807 1314; x_wconf 77' lang='lat' dir='ltr'>appellatae,</span> <span class='ocrx_word' id='word_1_57' title='bbox 826 1228 941 1291; x_wconf 67' lang='lat' dir='ltr'>nolus</span> <span class='ocrx_word' id='word_1_58' title='bbox 963 1216 1111 1308; x_wconf 76' lang='lat' dir='ltr'>mensas,</span> <span class='ocrx_word' id='word_1_59' title='bbox 1179 1291 1181 1294; x_wconf 83' lang='lat'>.</span> 
     </span>
     <span class='ocr_line' id='line_1_9' title="bbox 151 1323 1113 1400; baseline 0.003 -5"><span class='ocrx_word' id='word_1_60' title='bbox 151 1347 246 1395; x_wconf 82' lang='lat' dir='ltr'>nova</span> <span class='ocrx_word' id='word_1_61' title='bbox 266 1323 346 1396; x_wconf 90' lang='lat' dir='ltr'>luna</span> <span class='ocrx_word' id='word_1_62' title='bbox 363 1323 507 1399; x_wconf 83' lang='lat' dir='ltr'>Noneis.</span> <span class='ocrx_word' id='word_1_63' title='bbox 532 1324 662 1397; x_wconf 87' lang='lat' dir='ltr'>Eodem</span> <span class='ocrx_word' id='word_1_64' title='bbox 685 1327 740 1399; x_wconf 85' lang='lat' dir='ltr'>die</span> <span class='ocrx_word' id='word_1_65' title='bbox 759 1327 850 1399; x_wconf 84' lang='lat' dir='ltr'>enim</span> <span class='ocrx_word' id='word_1_66' title='bbox 876 1327 910 1399; x_wconf 89' lang='lat' dir='ltr'>in</span> <span class='ocrx_word' id='word_1_67' title='bbox 930 1328 1046 1400; x_wconf 85' lang='lat' dir='ltr'>urbem</span> <span class='ocrx_word' id='word_1_68' title='bbox 1069 1326 1113 1398; x_wconf 89' lang='lat' dir='ltr'>ab</span> 
     </span>
     <span class='ocr_line' id='line_1_10' title="bbox 112 1433 1112 1534; baseline 0.003 -28"><span class='ocrx_word' id='word_1_69' title='bbox 112 1509 119 1522; x_wconf 64' lang='lat'><em>,</em></span> <span class='ocrx_word' id='word_1_70' title='bbox 150 1433 673 1533; x_wconf 84' lang='lat' dir='ltr'>agreisadregentconveniebat</span> <span class='ocrx_word' id='word_1_71' title='bbox 686 1438 844 1534; x_wconf 80' lang='lat' dir='ltr'>populus.</span> <span class='ocrx_word' id='word_1_72' title='bbox 857 1440 984 1512; x_wconf 85' lang='lat' dir='ltr'>Harum</span> <span class='ocrx_word' id='word_1_73' title='bbox 997 1461 1112 1510; x_wconf 87' lang='lat' dir='ltr'>rerum</span> 
     </span>
     <span class='ocr_line' id='line_1_11' title="bbox 151 1540 1113 1642; baseline -0.002 -25"><span class='ocrx_word' id='word_1_74' title='bbox 151 1541 290 1641; x_wconf 80' lang='lat' dir='ltr'>vestigia</span> <span class='ocrx_word' id='word_1_75' title='bbox 302 1560 465 1639; x_wconf 77' lang='lat' dir='ltr'>apparent</span> <span class='ocrx_word' id='word_1_76' title='bbox 477 1543 513 1614; x_wconf 90' lang='lat' dir='ltr'>in</span> <span class='ocrx_word' id='word_1_77' title='bbox 528 1543 646 1618; x_wconf 87' lang='lat' dir='ltr'>sacreis</span> <span class='ocrx_word' id='word_1_78' title='bbox 658 1546 849 1619; x_wconf 85' lang='lat' dir='ltr'>Nonalibus</span> <span class='ocrx_word' id='word_1_79' title='bbox 862 1548 897 1619; x_wconf 88' lang='lat' dir='ltr'>in</span> <span class='ocrx_word' id='word_1_80' title='bbox 908 1569 1001 1631; x_wconf 87' lang='lat' dir='ltr'>arce;</span> <span class='ocrx_word' id='word_1_81' title='bbox 1016 1540 1113 1642; x_wconf 86' lang='lat' dir='ltr'>quod</span> 
     </span>
     <span class='ocr_line' id='line_1_12' title="bbox 149 1649 1113 1748; baseline 0.003 -24"><span class='ocrx_word' id='word_1_82' title='bbox 149 1670 236 1724; x_wconf 88' lang='lat' dir='ltr'>tunc</span> <span class='ocrx_word' id='word_1_83' title='bbox 255 1649 355 1724; x_wconf 82' lang='lat' dir='ltr'>serias</span> <span class='ocrx_word' id='word_1_84' title='bbox 372 1651 498 1748; x_wconf 84' lang='lat' dir='ltr'>primas</span> <span class='ocrx_word' id='word_1_85' title='bbox 518 1650 723 1736; x_wconf 79' lang='lat' dir='ltr'>menstruas,</span> <span class='ocrx_word' id='word_1_86' title='bbox 744 1677 819 1747; x_wconf 81' lang='lat' dir='ltr'>quae</span> <span class='ocrx_word' id='word_1_87' title='bbox 835 1652 958 1726; x_wconf 66' lang='lat' dir='ltr'>future</span> <span class='ocrx_word' id='word_1_88' title='bbox 981 1653 1047 1723; x_wconf 85' lang='lat' dir='ltr'>fint</span> <span class='ocrx_word' id='word_1_89' title='bbox 1067 1676 1113 1727; x_wconf 87' lang='lat' dir='ltr'>eo</span> 
     </span>
     <span class='ocr_line' id='line_1_13' title="bbox 59 1757 1115 1856; baseline 0 -23"><span class='ocrx_word' id='word_1_90' title='bbox 59 1759 64 1776; x_wconf 84' lang='lat'><strong><em>¹</em></strong></span> <span class='ocrx_word' id='word_1_91' title='bbox 149 1759 291 1849; x_wconf 82' lang='lat' dir='ltr'>mense,</span> <span class='ocrx_word' id='word_1_92' title='bbox 304 1784 365 1832; x_wconf 85' lang='lat' dir='ltr'>rex</span> <span class='ocrx_word' id='word_1_93' title='bbox 379 1757 532 1853; x_wconf 80' lang='lat' dir='ltr'>praedicit</span> <span class='ocrx_word' id='word_1_94' title='bbox 539 1760 681 1853; x_wconf 86' lang='lat' dir='ltr'>populo.</span> <span class='ocrx_word' id='word_1_95' title='bbox 692 1759 794 1829; x_wconf 86' lang='lat' dir='ltr'>Eidus</span> <span class='ocrx_word' id='word_1_96' title='bbox 809 1762 851 1831; x_wconf 88' lang='lat' dir='ltr'>ab</span> <span class='ocrx_word' id='word_1_97' title='bbox 864 1762 1031 1856; x_wconf 86' lang='lat' dir='ltr'>eo‚quod</span> <span class='ocrx_word' id='word_1_98' title='bbox 1041 1762 1115 1833; x_wconf 87' lang='lat' dir='ltr'>Tu·</span> 
     </span>
     <span class='ocr_line' id='line_1_14' title="bbox 150 1867 1116 1967; baseline -0.002 -22"><span class='ocrx_word' id='word_1_99' title='bbox 150 1871 199 1947; x_wconf 85' lang='lat' dir='ltr'>sci</span> <span class='ocrx_word' id='word_1_100' title='bbox 215 1875 306 1961; x_wconf 82' lang='lat' dir='ltr'>ltus,</span> <span class='ocrx_word' id='word_1_101' title='bbox 325 1869 381 1943; x_wconf 79' lang='lat' dir='ltr'>vel</span> <span class='ocrx_word' id='word_1_102' title='bbox 394 1869 508 1965; x_wconf 90' lang='lat' dir='ltr'>potius</span> <span class='ocrx_word' id='word_1_103' title='bbox 525 1870 621 1967; x_wconf 89' lang='lat' dir='ltr'>quod</span> <span class='ocrx_word' id='word_1_104' title='bbox 638 1867 751 1958; x_wconf 72' lang='lat' dir='ltr'>Sabini</span> <span class='ocrx_word' id='word_1_105' title='bbox 763 1867 866 1943; x_wconf 86' lang='lat' dir='ltr'>Eidus</span> <span class='ocrx_word' id='word_1_106' title='bbox 885 1869 1011 1943; x_wconf 86' lang='lat' dir='ltr'>dicunt.</span> <span class='ocrx_word' id='word_1_107' title='bbox 1029 1869 1116 1944; x_wconf 84' lang='lat' dir='ltr'>Dies</span> 
     </span>
     <span class='ocr_line' id='line_1_15' title="bbox 152 1976 1186 2078; baseline 0 -24"><span class='ocrx_word' id='word_1_108' title='bbox 152 1979 317 2078; x_wconf 86' lang='lat' dir='ltr'>postridie</span> <span class='ocrx_word' id='word_1_109' title='bbox 338 1979 533 2068; x_wconf 76' lang='lat' dir='ltr'>Kalendas,</span> <span class='ocrx_word' id='word_1_110' title='bbox 558 1978 700 2066; x_wconf 88' lang='lat' dir='ltr'>Nonas,</span> <span class='ocrx_word' id='word_1_111' title='bbox 720 1976 823 2051; x_wconf 85' lang='lat' dir='ltr'>Eidus</span> <span class='ocrx_word' id='word_1_112' title='bbox 847 1979 1002 2075; x_wconf 88' lang='lat' dir='ltr'>appellati</span> <span class='ocrx_word' id='word_1_113' title='bbox 1025 1978 1115 2065; x_wconf 89' lang='lat' dir='ltr'>atri;</span> <span class='ocrx_word' id='word_1_114' title='bbox 1183 2045 1186 2054; x_wconf 88' lang='lat'><em>.</em></span> 
     </span>
     <span class='ocr_line' id='line_1_16' title="bbox 154 2086 1117 2190; baseline -0.004 -26"><span class='ocrx_word' id='word_1_115' title='bbox 154 2093 251 2190; x_wconf 86' lang='lat' dir='ltr'>quod</span> <span class='ocrx_word' id='word_1_116' title='bbox 268 2116 328 2190; x_wconf 85' lang='lat' dir='ltr'>per</span> <span class='ocrx_word' id='word_1_117' title='bbox 346 2113 407 2164; x_wconf 83' lang='lat' dir='ltr'>eos</span> <span class='ocrx_word' id='word_1_118' title='bbox 425 2089 494 2163; x_wconf 86' lang='lat' dir='ltr'>dies</span> <span class='ocrx_word' id='word_1_119' title='bbox 509 2086 597 2161; x_wconf 80' lang='lat' dir='ltr'>novi</span> <span class='ocrx_word' id='word_1_120' title='bbox 616 2086 814 2184; x_wconf 64' lang='lat' dir='ltr'>inciperent</span> <span class='ocrx_word' id='word_1_121' title='bbox 831 2089 917 2162; x_wconf 87' lang='lat' dir='ltr'>Dies</span> <span class='ocrx_word' id='word_1_122' title='bbox 937 2088 1043 2176; x_wconf 73' lang='lat' dir='ltr'>fatti,</span> <span class='ocrx_word' id='word_1_123' title='bbox 1057 2112 1117 2184; x_wconf 86' lang='lat' dir='ltr'>per</span> 
     </span>
     <span class='ocr_line' id='line_1_17' title="bbox 155 2197 1117 2298; baseline -0.003 -24"><span class='ocrx_word' id='word_1_124' title='bbox 155 2226 245 2298; x_wconf 83' lang='lat' dir='ltr'>quos</span> <span class='ocrx_word' id='word_1_125' title='bbox 266 2201 465 2297; x_wconf 74' lang='lat' dir='ltr'>praetoribus</span> <span class='ocrx_word' id='word_1_126' title='bbox 487 2198 601 2273; x_wconf 86' lang='lat' dir='ltr'>omnia</span> <span class='ocrx_word' id='word_1_127' title='bbox 613 2199 716 2272; x_wconf 83' lang='lat' dir='ltr'>verba</span> <span class='ocrx_word' id='word_1_128' title='bbox 734 2197 803 2271; x_wconf 88' lang='lat' dir='ltr'>fine</span> <span class='ocrx_word' id='word_1_129' title='bbox 822 2198 959 2294; x_wconf 83' lang='lat' dir='ltr'>piaculo</span> <span class='ocrx_word' id='word_1_130' title='bbox 970 2199 1049 2273; x_wconf 87' lang='lat' dir='ltr'>licet</span> <span class='ocrx_word' id='word_1_131' title='bbox 1063 2197 1117 2271; x_wconf 86' lang='lat' dir='ltr'>fa·</span> 
     </span>
     <span class='ocr_line' id='line_1_18' title="bbox 154 2308 1118 2407; baseline 0.002 -25"><span class='ocrx_word' id='word_1_132' title='bbox 154 2308 198 2383; x_wconf 84' lang='lat' dir='ltr'>ri.</span> <span class='ocrx_word' id='word_1_133' title='bbox 215 2309 414 2384; x_wconf 79' lang='lat' dir='ltr'>Comitiales</span> <span class='ocrx_word' id='word_1_134' title='bbox 432 2309 530 2399; x_wconf 74' lang='lat' dir='ltr'>diui,</span> <span class='ocrx_word' id='word_1_135' title='bbox 550 2309 645 2407; x_wconf 91' lang='lat' dir='ltr'>quod</span> <span class='ocrx_word' id='word_1_136' title='bbox 667 2328 738 2381; x_wconf 80' lang='lat' dir='ltr'>runt</span> <span class='ocrx_word' id='word_1_137' title='bbox 760 2308 839 2382; x_wconf 77' lang='lat' dir='ltr'>effer</span> <span class='ocrx_word' id='word_1_138' title='bbox 862 2310 1008 2406; x_wconf 81' lang='lat' dir='ltr'>populus</span> <span class='ocrx_word' id='word_1_139' title='bbox 1026 2327 1118 2384; x_wconf 49' lang='lat' dir='ltr'>cone</span> 
     </span>
     <span class='ocr_line' id='line_1_19' title="bbox 156 2418 1116 2519; baseline 0.001 -27"><span class='ocrx_word' id='word_1_140' title='bbox 156 2419 288 2492; x_wconf 81' lang='lat' dir='ltr'>llitutus</span> <span class='ocrx_word' id='word_1_141' title='bbox 305 2422 346 2493; x_wconf 91' lang='lat' dir='ltr'>ad</span> <span class='ocrx_word' id='word_1_142' title='bbox 369 2420 561 2519; x_wconf 79' lang='lat' dir='ltr'>suffragium</span> <span class='ocrx_word' id='word_1_143' title='bbox 581 2418 769 2492; x_wconf 84' lang='lat' dir='ltr'>ferendum.</span> <span class='ocrx_word' id='word_1_144' title='bbox 793 2419 853 2493; x_wconf 83' lang='lat' dir='ltr'>nifi</span> <span class='ocrx_word' id='word_1_145' title='bbox 874 2421 899 2492; x_wconf 86' lang='lat' dir='ltr'>st</span> <span class='ocrx_word' id='word_1_146' title='bbox 921 2433 997 2517; x_wconf 85' lang='lat' dir='ltr'>quae</span> <span class='ocrx_word' id='word_1_147' title='bbox 1023 2420 1116 2493; x_wconf 69' lang='lat' dir='ltr'>ferie</span> 
     </span>
    </p>
   </div>
   <div class='ocr_carea' id='block_1_3' title="bbox 155 2531 1227 2628">
    <p class='ocr_par' dir='ltr' id='par_1_3' title="bbox 155 2531 1227 2628">
     <span class='ocr_line' id='line_1_20' title="bbox 155 2531 1227 2628; baseline -0.003 -23"><span class='ocrx_word' id='word_1_148' title='bbox 155 2549 332 2626; x_wconf 67' lang='lat' dir='ltr'>concepte</span> <span class='ocrx_word' id='word_1_149' title='bbox 343 2532 465 2619; x_wconf 73' lang='lat' dir='ltr'>essent,</span> <span class='ocrx_word' id='word_1_150' title='bbox 476 2546 617 2628; x_wconf 90' lang='lat' dir='ltr'>propter</span> <span class='ocrx_word' id='word_1_151' title='bbox 628 2554 712 2626; x_wconf 86' lang='lat' dir='ltr'>quas</span> <span class='ocrx_word' id='word_1_152' title='bbox 724 2554 792 2602; x_wconf 91' lang='lat' dir='ltr'>non</span> <span class='ocrx_word' id='word_1_153' title='bbox 808 2531 942 2605; x_wconf 86' lang='lat' dir='ltr'>liceret:</span> <span class='ocrx_word' id='word_1_154' title='bbox 957 2549 994 2602; x_wconf 87' lang='lat' dir='ltr'>ut</span> <span class='ocrx_word' id='word_1_155' title='bbox 1009 2532 1118 2603; x_wconf 88' lang='lat' dir='ltr'><strong>Com·</strong></span> <span class='ocrx_word' id='word_1_156' title='bbox 1223 2581 1227 2592; x_wconf 70' lang='lat'><em>·</em></span> 
     </span>
    </p>
   </div>
   <div class='ocr_carea' id='block_1_4' title="bbox 156 2638 1121 3614">
    <p class='ocr_par' dir='ltr' id='par_1_4' title="bbox 156 2638 1121 3614">
     <span class='ocr_line' id='line_1_21' title="bbox 156 2638 1118 2734; baseline 0.005 -24"><span class='ocrx_word' id='word_1_157' title='bbox 156 2638 293 2734; x_wconf 87' lang='lat' dir='ltr'>pitalia‚</span> <span class='ocrx_word' id='word_1_158' title='bbox 311 2644 350 2716; x_wconf 87' lang='lat'>&amp;</span> <span class='ocrx_word' id='word_1_159' title='bbox 369 2640 506 2715; x_wconf 67' lang='lat' dir='ltr'>Latina.</span> <span class='ocrx_word' id='word_1_160' title='bbox 524 2640 698 2712; x_wconf 87' lang='lat' dir='ltr'>Contrarii</span> <span class='ocrx_word' id='word_1_161' title='bbox 714 2640 836 2712; x_wconf 89' lang='lat' dir='ltr'>horum</span> <span class='ocrx_word' id='word_1_162' title='bbox 853 2658 1022 2713; x_wconf 83' lang='lat' dir='ltr'>vocantur</span> <span class='ocrx_word' id='word_1_163' title='bbox 1046 2639 1118 2715; x_wconf 83' lang='lat' dir='ltr'>dies</span> 
     </span>
     <span class='ocr_line' id='line_1_22' title="bbox 158 2749 1119 2848; baseline 0.002 -26"><span class='ocrx_word' id='word_1_164' title='bbox 158 2749 305 2840; x_wconf 77' lang='lat' dir='ltr'>Nesatti,</span> <span class='ocrx_word' id='word_1_165' title='bbox 327 2776 388 2848; x_wconf 87' lang='lat' dir='ltr'>per</span> <span class='ocrx_word' id='word_1_166' title='bbox 413 2775 502 2848; x_wconf 86' lang='lat' dir='ltr'>quos</span> <span class='ocrx_word' id='word_1_167' title='bbox 521 2750 591 2825; x_wconf 88' lang='lat' dir='ltr'>dies</span> <span class='ocrx_word' id='word_1_168' title='bbox 615 2749 707 2825; x_wconf 87' lang='lat' dir='ltr'>nefas</span> <span class='ocrx_word' id='word_1_169' title='bbox 729 2750 790 2823; x_wconf 86' lang='lat' dir='ltr'>fari</span> <span class='ocrx_word' id='word_1_170' title='bbox 810 2769 1011 2846; x_wconf 83' lang='lat' dir='ltr'>praetorent:</span> <span class='ocrx_word' id='word_1_171' title='bbox 1028 2751 1119 2842; x_wconf 84' lang='lat' dir='ltr'>Do,</span> 
     </span>
     <span class='ocr_line' id='line_1_23' title="bbox 157 2857 1119 2959; baseline -0.002 -25"><span class='ocrx_word' id='word_1_172' title='bbox 157 2857 257 2947; x_wconf 85' lang='lat' dir='ltr'>dico,</span> <span class='ocrx_word' id='word_1_173' title='bbox 275 2859 410 2934; x_wconf 83' lang='lat' dir='ltr'><strong>addico.</strong></span> <span class='ocrx_word' id='word_1_174' title='bbox 429 2863 545 2956; x_wconf 88' lang='lat' dir='ltr'>ltaque</span> <span class='ocrx_word' id='word_1_175' title='bbox 560 2882 632 2930; x_wconf 90' lang='lat' dir='ltr'>non</span> <span class='ocrx_word' id='word_1_176' title='bbox 647 2858 757 2954; x_wconf 82' lang='lat' dir='ltr'>potest</span> <span class='ocrx_word' id='word_1_177' title='bbox 770 2858 832 2959; x_wconf 84' lang='lat' dir='ltr'>agi.</span> <span class='ocrx_word' id='word_1_178' title='bbox 847 2859 986 2935; x_wconf 80' lang='lat' dir='ltr'>Necesse</span> <span class='ocrx_word' id='word_1_179' title='bbox 999 2860 1046 2932; x_wconf 81' lang='lat' dir='ltr'>ett</span> <span class='ocrx_word' id='word_1_180' title='bbox 1057 2858 1119 2933; x_wconf 90' lang='lat' dir='ltr'>ali·</span> 
     </span>
     <span class='ocr_line' id='line_1_24' title="bbox 158 2968 1120 3068; baseline 0.005 -31"><span class='ocrx_word' id='word_1_181' title='bbox 158 2992 231 3060; x_wconf 87' lang='lat' dir='ltr'>quo</span> <span class='ocrx_word' id='word_1_182' title='bbox 253 2992 371 3042; x_wconf 87' lang='lat' dir='ltr'>eorum</span> <span class='ocrx_word' id='word_1_183' title='bbox 400 2971 451 3042; x_wconf 90' lang='lat' dir='ltr'>uti</span> <span class='ocrx_word' id='word_1_184' title='bbox 474 2968 606 3059; x_wconf 87' lang='lat' dir='ltr'>verbo,</span> <span class='ocrx_word' id='word_1_185' title='bbox 632 2994 711 3043; x_wconf 84' lang='lat' dir='ltr'>cum</span> <span class='ocrx_word' id='word_1_186' title='bbox 735 2969 808 3068; x_wconf 85' lang='lat' dir='ltr'>lege</span> <span class='ocrx_word' id='word_1_187' title='bbox 830 2971 913 3068; x_wconf 89' lang='lat' dir='ltr'>quid</span> <span class='ocrx_word' id='word_1_188' title='bbox 939 2970 1120 3067; x_wconf 82' lang='lat' dir='ltr'>peragitur.</span> 
     </span>
     <span class='ocr_line' id='line_1_25' title="bbox 159 3072 1120 3174; baseline 0.005 -31"><span class='ocrx_word' id='word_1_189' title='bbox 159 3072 269 3167; x_wconf 87' lang='lat' dir='ltr'>Quod</span> <span class='ocrx_word' id='word_1_190' title='bbox 296 3075 416 3148; x_wconf 78' lang='lat' dir='ltr'>titum</span> <span class='ocrx_word' id='word_1_191' title='bbox 447 3076 642 3173; x_wconf 81' lang='lat' dir='ltr'>imprudens</span> <span class='ocrx_word' id='word_1_192' title='bbox 670 3077 705 3151; x_wconf 90' lang='lat' dir='ltr'>id</span> <span class='ocrx_word' id='word_1_193' title='bbox 733 3078 875 3151; x_wconf 84' lang='lat' dir='ltr'>verbum</span> <span class='ocrx_word' id='word_1_194' title='bbox 905 3077 1036 3174; x_wconf 59' lang='lat' dir='ltr'>eruitit²</span> <span class='ocrx_word' id='word_1_195' title='bbox 1061 3092 1120 3149; x_wconf 82' lang='lat' dir='ltr'>aut</span> 
     </span>
     <span class='ocr_line' id='line_1_26' title="bbox 158 3182 1120 3280; baseline 0.001 -25"><span class='ocrx_word' id='word_1_196' title='bbox 158 3208 261 3280; x_wconf 88' lang='lat' dir='ltr'>quern</span> <span class='ocrx_word' id='word_1_197' title='bbox 276 3185 482 3277; x_wconf 67' lang='lat' dir='ltr'>mannaim,</span> <span class='ocrx_word' id='word_1_198' title='bbox 499 3187 556 3260; x_wconf 87' lang='lat' dir='ltr'>itte</span> <span class='ocrx_word' id='word_1_199' title='bbox 574 3185 798 3262; x_wconf 85' lang='lat' dir='ltr'>nihilominus</span> <span class='ocrx_word' id='word_1_200' title='bbox 817 3186 864 3259; x_wconf 82' lang='lat' dir='ltr'>est</span> <span class='ocrx_word' id='word_1_201' title='bbox 878 3186 982 3272; x_wconf 88' lang='lat' dir='ltr'>liber,</span> <span class='ocrx_word' id='word_1_202' title='bbox 996 3183 1051 3255; x_wconf 84' lang='lat' dir='ltr'>sed</span> <span class='ocrx_word' id='word_1_203' title='bbox 1065 3182 1120 3256; x_wconf 87' lang='lat' dir='ltr'>vi·.</span> 
     </span>
     <span class='ocr_line' id='line_1_27' title="bbox 159 3292 1121 3391; baseline -0.007 -22"><span class='ocrx_word' id='word_1_204' title='bbox 159 3297 211 3370; x_wconf 86' lang='lat' dir='ltr'>tio</span> <span class='ocrx_word' id='word_1_205' title='bbox 224 3322 234 3368; x_wconf 78' lang='lat' dir='ltr'>t</span> <span class='ocrx_word' id='word_1_206' title='bbox 247 3316 286 3368; x_wconf 89' lang='lat' dir='ltr'>ut</span> <span class='ocrx_word' id='word_1_207' title='bbox 306 3294 514 3391; x_wconf 76' lang='lat' dir='ltr'>magistratus</span> <span class='ocrx_word' id='word_1_208' title='bbox 534 3295 622 3369; x_wconf 86' lang='lat' dir='ltr'>vitio</span> <span class='ocrx_word' id='word_1_209' title='bbox 645 3311 795 3382; x_wconf 85' lang='lat' dir='ltr'>creatus,</span> <span class='ocrx_word' id='word_1_210' title='bbox 808 3292 917 3365; x_wconf 85' lang='lat' dir='ltr'>nihilo</span> <span class='ocrx_word' id='word_1_211' title='bbox 931 3292 1035 3363; x_wconf 85' lang='lat' dir='ltr'>secius</span> <span class='ocrx_word' id='word_1_212' title='bbox 1048 3315 1121 3362; x_wconf 84' lang='lat' dir='ltr'>ma·</span> 
     </span>
     <span class='ocr_line' id='line_1_28' title="bbox 159 3400 1121 3505; baseline -0.001 -29"><span class='ocrx_word' id='word_1_213' title='bbox 159 3406 323 3505; x_wconf 77' lang='lat' dir='ltr'>gistratus.</span> <span class='ocrx_word' id='word_1_214' title='bbox 334 3404 483 3498; x_wconf 69' lang='lat' dir='ltr'>Praeter,</span> <span class='ocrx_word' id='word_1_215' title='bbox 495 3406 554 3503; x_wconf 89' lang='lat' dir='ltr'>qui</span> <span class='ocrx_word' id='word_1_216' title='bbox 569 3425 641 3479; x_wconf 87' lang='lat' dir='ltr'>tunt</span> <span class='ocrx_word' id='word_1_217' title='bbox 653 3403 738 3478; x_wconf 85' lang='lat' dir='ltr'>fatus</span> <span class='ocrx_word' id='word_1_218' title='bbox 752 3402 818 3487; x_wconf 83' lang='lat' dir='ltr'>est,</span> <span class='ocrx_word' id='word_1_219' title='bbox 831 3402 855 3475; x_wconf 85' lang='lat' dir='ltr'>st</span> <span class='ocrx_word' id='word_1_220' title='bbox 866 3402 1058 3498; x_wconf 84' lang='lat' dir='ltr'>imprudens</span> <span class='ocrx_word' id='word_1_221' title='bbox 1072 3400 1121 3475; x_wconf 84' lang='lat' dir='ltr'>se-</span> 
     </span>
     <span class='ocr_line' id='line_1_29' title="bbox 160 3513 1121 3614; baseline -0.005 -25"><span class='ocrx_word' id='word_1_222' title='bbox 160 3519 227 3608; x_wconf 86' lang='lat' dir='ltr'>cit,</span> <span class='ocrx_word' id='word_1_223' title='bbox 244 3516 406 3614; x_wconf 82' lang='lat' dir='ltr'>piaculari</span> <span class='ocrx_word' id='word_1_224' title='bbox 424 3517 530 3590; x_wconf 83' lang='lat' dir='ltr'>hostia</span> <span class='ocrx_word' id='word_1_225' title='bbox 545 3517 629 3590; x_wconf 70' lang='lat' dir='ltr'>falla</span> <span class='ocrx_word' id='word_1_226' title='bbox 654 3517 788 3614; x_wconf 86' lang='lat' dir='ltr'>piatur:</span> <span class='ocrx_word' id='word_1_227' title='bbox 810 3514 834 3587; x_wconf 88' lang='lat' dir='ltr'>sr</span> <span class='ocrx_word' id='word_1_228' title='bbox 854 3516 998 3613; x_wconf 86' lang='lat' dir='ltr'>prudens</span> <span class='ocrx_word' id='word_1_229' title='bbox 1013 3513 1121 3598; x_wconf 78' lang='lat' dir='ltr'>dixit,</span> 
     </span>
    </p>
   </div>
   <div class='ocr_carea' id='block_1_5' title="bbox 160 3623 1122 3948">
    <p class='ocr_par' dir='ltr' id='par_1_5' title="bbox 160 3623 1122 3948">
     <span class='ocr_line' id='line_1_30' title="bbox 160 3623 1121 3727; baseline -0.02 -28"><span class='ocrx_word' id='word_1_230' title='bbox 160 3628 310 3720; x_wconf 82' lang='lat' dir='ltr'>Quintus</span> <span class='ocrx_word' id='word_1_231' title='bbox 326 3627 460 3703; x_wconf 84' lang='lat' dir='ltr'>Mucius</span> <span class='ocrx_word' id='word_1_232' title='bbox 477 3630 665 3727; x_wconf 81' lang='lat' dir='ltr'>abnegabat</span> <span class='ocrx_word' id='word_1_233' title='bbox 683 3652 760 3699; x_wconf 81' lang='lat' dir='ltr'>eunt</span> <span class='ocrx_word' id='word_1_234' title='bbox 782 3626 933 3723; x_wconf 80' lang='lat' dir='ltr'>expiari,</span> <span class='ocrx_word' id='word_1_235' title='bbox 949 3629 987 3700; x_wconf 78' lang='grc' dir='ltr'>δι</span> <span class='ocrx_word' id='word_1_236' title='bbox 998 3623 1121 3698; x_wconf 67' lang='lat' dir='ltr'>urim.</span> 
     </span>
     <span class='ocr_line' id='line_1_31' title="bbox 161 3738 1121 3836; baseline -0.008 -25"><span class='ocrx_word' id='word_1_237' title='bbox 161 3739 255 3836; x_wconf 86' lang='lat' dir='ltr'>pium</span> <span class='ocrx_word' id='word_1_238' title='bbox 277 3763 350 3812; x_wconf 90' lang='lat' dir='ltr'>non</span> <span class='ocrx_word' id='word_1_239' title='bbox 377 3741 471 3836; x_wconf 82' lang='lat' dir='ltr'>poffe</span> <span class='ocrx_word' id='word_1_240' title='bbox 497 3742 640 3815; x_wconf 87' lang='lat' dir='ltr'>dicebat.</span> <span class='ocrx_word' id='word_1_241' title='bbox 666 3739 816 3814; x_wconf 83' lang='lat' dir='ltr'>lntercifi</span> <span class='ocrx_word' id='word_1_242' title='bbox 844 3738 913 3812; x_wconf 87' lang='lat' dir='ltr'>dies</span> <span class='ocrx_word' id='word_1_243' title='bbox 937 3739 1037 3824; x_wconf 87' lang='lat' dir='ltr'>sunt,</span> <span class='ocrx_word' id='word_1_244' title='bbox 1060 3755 1121 3829; x_wconf 90' lang='lat' dir='ltr'>per</span> 
     </span>
     <span class='ocr_line' id='line_1_32' title="bbox 161 3850 1122 3948; baseline -0.009 -26"><span class='ocrx_word' id='word_1_245' title='bbox 161 3873 250 3947; x_wconf 85' lang='lat' dir='ltr'>quos</span> <span class='ocrx_word' id='word_1_246' title='bbox 279 3875 378 3923; x_wconf 85' lang='lat' dir='ltr'>mane</span> <span class='ocrx_word' id='word_1_247' title='bbox 398 3853 437 3925; x_wconf 85' lang='lat'>&amp;</span> <span class='ocrx_word' id='word_1_248' title='bbox 462 3851 593 3948; x_wconf 81' lang='lat' dir='ltr'>vesperi</span> <span class='ocrx_word' id='word_1_249' title='bbox 618 3850 666 3925; x_wconf 83' lang='lat' dir='ltr'>est</span> <span class='ocrx_word' id='word_1_250' title='bbox 692 3850 807 3938; x_wconf 82' lang='lat' dir='ltr'>nefas,</span> <span class='ocrx_word' id='word_1_251' title='bbox 828 3850 941 3923; x_wconf 84' lang='lat' dir='ltr'>medio</span> <span class='ocrx_word' id='word_1_252' title='bbox 967 3865 1122 3942; x_wconf 86' lang='lat' dir='ltr'>tempore</span> 
     </span>
    </p>
   </div>
   <div class='ocr_carea' id='block_1_6' title="bbox 0 0 1439 4567">
    <p class='ocr_par' dir='ltr' id='par_1_6' title="bbox 0 0 1439 4567">
     <span class='ocr_line' id='line_1_33' title="bbox 0 0 1439 4567; baseline 0 0"><span class='ocrx_word' id='word_1_253' title='bbox 0 0 1439 4567; x_wconf 95' lang='lat' dir='ltr'> </span> 
     </span>
    </p>
   </div>
  </div>
 </body>
</html>
