2834 4567
377 325 825 462 'xtN'niutttJM
875 369 919 442 V.
1075 398 1136 473 t3t

186 545 227 588 tet
244 525 322 604 nnJln‘
332 526 434 612 publici
447 541 588 607 parentant
595 525 663 607 sesto
683 528 745 587 die:
760 527 824 607 quia
840 527 926 589 aucta
940 529 1036 591 dicitur
1050 536 1084 593 ob
1095 538 1141 596 di·

186 627 236 667 tent
253 610 428 684 Taruntiurn,
443 610 521 670 Acca
533 608 668 670 ruentia.
684 607 858 670 Laurentina
872 609 955 684 feciae,
973 612 1011 673 ait
1027 613 1139 694 Varro,

185 691 223 750 ab
245 691 290 749 illa
307 692 424 770 inquam
443 688 540 764 Acca,
553 706 615 769 quae
633 687 779 749 Laurentia
800 693 996 772 cognominata
1009 692 1056 756 esl.
1077 700 1142 778 quia

185 771 269 831 altera
280 773 358 831 Acca
371 769 411 831 est
426 788 470 844 ea,
484 788 545 851 quae
562 768 653 849 nttpstt
669 765 787 834 Tarutio
804 771 914 831 cuidant
926 771 1040 848 Tusco,
1058 778 1143 841 nobili
1260 823 1268 838 .

186 852 217 916 ἃ
232 851 279 912 diti
297 854 375 913 viro:
390 852 421 913 81
436 850 473 911 ab
488 851 572 912 meru
584 849 759 932 ‘cognomine
777 849 930 913 Laurentiae
954 853 1141 938 distinguitur,

185 934 229 992 eui
249 933 402 994 sacerdotes
427 930 509 993 nostri
518 933 553 992 in
568 932 695 993 Velabro
711 952 854 1013 parentare
874 938 1022 1015 quotannis
1046 937 1143 1005 solent.

183 1008 303 1074 Fuerunt
314 1016 389 1074 enim
403 1013 571 1095 cognomine
584 1014 647 1074 duae
661 1012 763 1074 Accae:
775 1032 892 1095 quatum
907 1019 954 1076 uni
970 1022 1021 1096 (ut
1033 1021 1072 1080 ait
1080 1017 1142 1081 Plu-
1197 1043 1201 1052 ·

184 1093 314 1175 tarchur)
337 1093 537 1157 sacrificabatur
557 1094 650 1156 mense
666 1093 833 1155 Decembtit
850 1094 955 1179 fuitque
972 1100 1063 1159 nutrix
1079 1099 1144 1163 Ro·
1225 1129 1229 1140 ·

184 1177 271 1251 muli,
284 1175 315 1238 δι
331 1173 476 1237 Laurentia
497 1177 700 1258 cognominata.
722 1174 810 1237 Alteri
826 1176 920 1238 mense
939 1179 966 1239 A
988 1179 1026 1238 rili
1043 1202 1085 1241 tet
1100 1184 1144 1244 di·

187 1258 252 1317 vina
276 1254 368 1317 fiebat.
384 1257 414 1319 A
431 1258 524 1318 multia
544 1255 627 1319 Flora
655 1255 822 1318 existimata:
838 1257 875 1318 ab
896 1258 954 1319 aliis
999 1263 1142 1341 atracina,

183 1334 243 1400 five
263 1342 314 1416 (ut
335 1336 376 1398 est
391 1339 465 1420 apsel
486 1335 631 1413 Gellium)
651 1331 777 1397 Tarratia
800 1359 815 1396 c
854 1342 1007 1402 nominata.
1028 1341 1142 1421 Quam.

184 1437 266 1498 quam
282 1419 331 1479 baa
354 1419 424 1482 inter
440 1418 467 1481 se
485 1419 629 1480 confundit
651 1415 820 1479 Plutarchus,
891 1442 923 1480 or
943 1442 1012 1482 vero
1027 1439 1083 1484 tarn
1097 1426 1142 1485 vi.

183 1500 262 1561 tiosae
279 1500 402 1560 leilionia
419 1521 453 1561 ert
474 1502 605 1562 varietute
623 1498 760 1579 scriptutae
776 1516 855 1558 natus
869 1499 917 1561 est.
935 1499 1011 1561 Nam
1030 1506 1079 1586 qui
1096 1507 1141 1571 hic
1249 1507 1251 1514 ‘

183 1576 333 1640 Taruntius
357 1596 489 1649 vocatur,
507 1581 544 1640 ita
571 1579 645 1638 idem
669 1578 881 1638 eodemmodo
904 1582 979 1659 apud
997 1583 1141 1649 Aurelium

184 1658 369 1740 Augustinum
379 1678 387 1720 ι
398 1660 435 1718 ab
448 1659 505 1718 aliia
517 1677 588 1718 vero
602 1658 634 1718 δι
649 1654 810 1730 Tartutius,
820 1660 854 1718 δι
865 1655 1008 1733 Taratius‚
1023 1665 1054 1722 δι
1069 1663 1142 1726 Tar.

183 1742 275 1800 ratius.
294 1736 387 1802 Gtteci
401 1738 486 1799 etiarn
503 1736 673 1820 Τιῤῥοὺτιον.
693 1735 739 1800 Sic
855 1737 957 1800 Cicero
976 1741 1087 1804 inlibris
1105 1748 1142 1809 de

183 1818 366 1884 Divinatione
381 1817 543 1882 Tarrutium
564 1837 664 1895 vocnt,
679 1819 706 1877 in
724 1816 762 1880 So
773 1819 821 1879 ino
838 1818 913 1880 idem
930 1817 1097 1898 Taruntius,
1111 1828 1141 1888 in

184 1900 326 1981 Stephano
346 1900 456 1963 Λούκιος
473 1898 612 1982 eniienim
626 1917 752 1961 vocatur.
765 1896 882 1980 Fuitque
898 1900 1019 1962 summus
1036 1906 1142 1970 ntatlre·

184 1983 316 2056 maticus,
331 2001 364 2040 ac
380 1981 507 2045 Ciceroni
519 2000 631 2064 quoque
646 1982 679 2044 bt
693 1980 753 2061 ipsrv
764 1982 888 2042 Varroni
908 1981 1055 2047 l‘amiliaris.
1072 1986 1141 2050 Non

181 2062 245 2124 sunt
257 2083 325 2146 ergo
334 2063 462 2125 audiendi
473 2063 519 2136 illi,
533 2066 581 2144 qui
598 2082 655 2123 non
674 2063 754 2123 vetiti
769 2060 829 2122 sunt
842 2060 1043 2126 Laurentinalia
1055 2068 1141 2132 aRo·

181 2147 272 2205 mania
290 2144 327 2205 ad
342 2144 509 2208 Tarentinos
528 2142 682 2205 nmtsetre.
700 2142 788 2223 Quos
802 2164 868 2204 curn
886 2144 999 2205 videam
1017 2149 1053 2206 ira
1073 2147 1142 2211 itis·

183 2224 238 2289 «lut
251 2226 399 2287 &licenter
416 2227 442 2284 in
458 2226 512 2286 hoc
528 2226 625 2287 misero
636 2225 747 2285 auslore
764 2226 871 2307 vagati,
884 2227 956 2307 erupi
974 2233 1025 2309 (ut
1041 2251 1140 2293 verunt
1180 2225 1183 2232 ’

180 2305 283 2389 lateat)
297 2306 332 2367 de
345 2327 441 2367 eorum
450 2305 506 2368 side
518 2306 656 2399 dubitare:
666 2305 810 2386 potiusque
817 2307 866 2366 illis
875 2327 907 2367 oc
917 2306 1055 2370 obstruere
1067 2315 1141 2374 verit

183 2383 1141 2552 ἶὶῗῖῗῗῗῗιῑὲΐὲἒςῗῖἷῗὶὲῗῗῧῗέξξ3ἓῖἆῖἑὶἓῖἲόῗέ

182 2550 234 2612 but
246 2551 322 2612 libris
333 2550 457 2625 excusus,
471 2552 517 2612 sed
529 2551 569 2609 ita
582 2545 691 2609 sortasse
705 2545 899 2610 restituendus:
915 2551 988 2627 Quia
998 2550 1085 2612 altera·
1096 2555 1140 2613 di·

180 2635 338 2707 citur,ditn
350 2633 519 2692 Larentinam
531 2633 627 2702 nana,
642 2629 783 2701 Larentia,
786 2628 817 2709 fe
882 2629 1051 2692 Lunntinus.
1061 2633 1141 2696 Acca

183 2715 326 2774 Larentia
344 2713 394 2774 suit
408 2709 706 2787 conjurantium&
717 2708 812 2770 Romu
824 2711 828 2722 '
851 2711 950 2781 nutrix,
964 2729 1025 2792 qute
1039 2715 1067 2771 in
1079 2715 1140 2777 ve.

181 2796 278 2869 labro,
293 2794 356 2855 loco
370 2795 444 2854 urbis
463 2793 660 2860 celeberrimo,
673 2791 793 2871 sepulta,
807 2789 910 2851 ibidem
923 2789 1043 2854 solemne
1059 2793 1141 2857 sacri-

182 2873 276 2935 sicium
287 2876 404 2951 metuit,
421 2895 479 2956 quo
492 2872 558 2936 Diis
570 2872 697 2935 manibus
710 2869 769 2932 e‘ut
784 2893 800 2932 a
813 2872 923 2933 flamine
965 2875 1073 2935 uirinali
1088 2898 1141 2957 pa.

182 2956 345 3018 tentabatur.
369 2957 476 3037 insuper
492 2954 571 3017 serias
588 2954 709 3037 publicas
781 2955 888 3014 eminas
904 2953 932 3013 X
975 2955 1009 3015 al.
1026 2953 1140 3028 Januar.

182 3036 233 3097 Ab
246 3037 298 3098 ltac
314 3038 368 3097 alia
382 3036 434 3115 fuit
450 3035 545 3097 Flavia
568 3036 715 3108 Larentia,
735 3035 830 3096 mulier
848 3035 985 3116 vulgaris,
998 3055 1060 3116 quae
1074 3058 1140 3101 cum

182 3115 304 3178 Hercule
322 3118 467 3199 aliquando
486 3118 652 3192 concubuit,
667 3117 700 3179 δι
718 3116 754 3176 ab
772 3136 809 3176 eo
829 3117 859 3174 in
874 3117 1079 3176 matrimonium
1096 3118 1140 3181 lo·

182 3214 246 3258 cata
266 3197 396 3259 Tarrutio
414 3199 524 3260 cuidant
547 3197 657 3272 Tusco,
670 3196 759 3257 celibi
774 3198 807 3258 &
822 3195 870 3254 diti
888 3196 968 3255 viro:
985 3199 1063 3271 cujus
1083 3220 1140 3260 au.

182 3279 227 3340 sla
242 3280 405 3353 hereditate,
421 3279 479 3362 ipsa
500 3282 622 3341 moriens
641 3278 775 3359 populum
800 3273 886 3336 Rotn.
910 3275 991 3336 bonis
1016 3276 1068 3338 suis
1087 3280 1140 3341 lte·

183 3360 277 3422 cedem
292 3361 368 3423 fecit.
382 3361 422 3423 ob
433 3361 463 3422 id
475 3363 604 3422 meritum
621 3362 647 3420 ei
663 3357 775 3417 slatutus
789 3356 847 3417 diet
862 3353 944 3416 festus
951 3354 1138 3443 latentium,
1171 3395 1176 3405 ι

179 3461 264 3522 quem
291 3442 336 3503 alii
357 3440 507 3503 Larentalia
530 3457 652 3513 vocant,
676 3437 803 3519 sacraque
825 3437 931 3518 publice
955 3437 1026 3500 saeta
1046 3442 1140 3505 mense

181 3524 281 3604 Aprili.
298 3523 338 3583 lta
350 3523 447 3583 Varro
460 3519 776 3602 dislinguithurentaliu
786 3539 804 3577 a
816 3518 1049 3594 larentinalibut3
1060 3523 1140 3602 quod
1232 3493 1238 3526 Ι
1261 3591 1291 3615 ·

182 3603 256 3664 idem
270 3605 335 3664 facit
354 3602 513 3664 Plutarchus
532 3604 559 3660 in
579 3599 715 3661 Problem
736 3595 783 3660 etsi
799 3601 843 3659 alii
864 3600 950 3661 alrter.
965 3599 1095 3662 Porum.

222 3685 267 3745 lin.
286 3704 314 3764 9.
335 3686 378 3743 Ut
397 3685 468 3763 quod
487 3684 524 3742 ibi
541 3702 621 3762 propr
634 3678 743 3759 faciunt
765 3680 832 3741 Dt't's
847 3683 969 3739 matribus
989 3683 1135 3761 fenilibus

174 3769 353 3847 sacerdotem]
369 3762 442 3825 Sane
455 3762 603 3844 simplicius
619 3760 707 3820 multo
727 3760 822 3837 suerit,
834 3777 864 3822 ut
881 3779 935 3843 ego
955 3761 1069 3846 quidem
1086 3782 1139 3841 pu·

183 3863 215 3911 to
224 3893 236 3924 ,
250 3845 271 3907 st
285 3847 323 3907 ita
334 3848 473 3930 legamus,
488 3848 529 3907 Ut
548 3843 619 3925 quos
634 3862 713 3925 prope
729 3843 839 3926 faciunt
856 3844 926 3994 {nis
941 3844 1062 3903 nanilm
1079 3843 1139 3926 ejas

898 3952 917 3997 Ι,
