<?xml version="1.0" encoding="UTF-8"?>
<!DOCTYPE html PUBLIC "-//W3C//DTD XHTML 1.0 Transitional//EN"
    "http://www.w3.org/TR/xhtml1/DTD/xhtml1-transitional.dtd">
<html xmlns="http://www.w3.org/1999/xhtml" xml:lang="en" lang="en">
 <head>
  <title>
</title>
<meta http-equiv="Content-Type" content="text/html;charset=utf-8" />
  <meta name='ocr-system' content='tesseract 3.04.00' />
  <meta name='ocr-capabilities' content='ocr_page ocr_carea ocr_par ocr_line ocrx_word'/>
</head>
<body>
  <div class='ocr_page' id='page_1' title='image "./mtervarronisdel00bipogoog/mtervarronisdel00bipogoog_0156.png"; bbox 0 0 2834 4567; ppageno 0'>
   <div class='ocr_carea' id='block_1_1' title="bbox 273 246 1034 381">
    <p class='ocr_par' dir='ltr' id='par_1_1' title="bbox 273 246 1034 381">
     <span class='ocr_line' id='line_1_1' title="bbox 273 246 1034 381; baseline 0.003 -2"><span class='ocrx_word' id='word_1_1' title='bbox 273 329 337 381; x_wconf 70' lang='grc' dir='ltr'>ιιι</span> <span class='ocrx_word' id='word_1_2' title='bbox 481 303 531 377; x_wconf 90' lang='lat' dir='ltr'>u.</span> <span class='ocrx_word' id='word_1_3' title='bbox 554 246 772 380; x_wconf 73' lang='lat' dir='ltr'>:renium</span> <span class='ocrx_word' id='word_1_4' title='bbox 797 306 1034 381; x_wconf 77' lang='lat' dir='ltr'>vunuouts</span> 
     </span>
    </p>
   </div>
   <div class='ocr_carea' id='block_1_2' title="bbox 210 464 1323 896">
    <p class='ocr_par' dir='ltr' id='par_1_2' title="bbox 269 464 1235 568">
     <span class='ocr_line' id='line_1_2' title="bbox 269 464 1235 568; baseline 0.005 -29"><span class='ocrx_word' id='word_1_5' title='bbox 269 465 431 541; x_wconf 83' lang='lat' dir='ltr'>servanda</span> <span class='ocrx_word' id='word_1_6' title='bbox 445 464 509 556; x_wconf 87' lang='lat' dir='ltr'>est,</span> <span class='ocrx_word' id='word_1_7' title='bbox 521 491 598 564; x_wconf 84' lang='lat' dir='ltr'>quae</span> <span class='ocrx_word' id='word_1_8' title='bbox 615 466 662 541; x_wconf 82' lang='lat' dir='ltr'>esi</span> <span class='ocrx_word' id='word_1_9' title='bbox 677 466 714 540; x_wconf 91' lang='lat' dir='ltr'>in</span> <span class='ocrx_word' id='word_1_10' title='bbox 726 468 969 543; x_wconf 88' lang='lat' dir='ltr'>consuetudine</span> <span class='ocrx_word' id='word_1_11' title='bbox 979 497 990 557; x_wconf 84' lang='lat'>3</span> <span class='ocrx_word' id='word_1_12' title='bbox 1000 489 1057 545; x_wconf 84' lang='lat' dir='ltr'>aut</span> <span class='ocrx_word' id='word_1_13' title='bbox 1069 493 1146 568; x_wconf 77' lang='lat' dir='ltr'>quae</span> <span class='ocrx_word' id='word_1_14' title='bbox 1161 495 1235 548; x_wconf 89' lang='lat' dir='ltr'>non</span> 
     </span>
    </p>

    <p class='ocr_par' dir='ltr' id='par_1_3' title="bbox 210 573 1323 788">
     <span class='ocr_line' id='line_1_3' title="bbox 210 573 1323 677; baseline 0.004 -29"><span class='ocrx_word' id='word_1_15' title='bbox 210 593 213 600; x_wconf 56' lang='lat'><strong>⁴</strong></span> <span class='ocrx_word' id='word_1_16' title='bbox 269 576 325 649; x_wconf 80' lang='lat' dir='ltr'>esi.</span> <span class='ocrx_word' id='word_1_17' title='bbox 346 574 369 646; x_wconf 84' lang='lat' dir='ltr'>si</span> <span class='ocrx_word' id='word_1_18' title='bbox 390 600 449 664; x_wconf 91' lang='lat' dir='ltr'>ea,</span> <span class='ocrx_word' id='word_1_19' title='bbox 472 600 549 673; x_wconf 59' lang='grc' dir='ltr'>φιτ</span> <span class='ocrx_word' id='word_1_20' title='bbox 572 573 639 664; x_wconf 88' lang='lat' dir='ltr'>esl,</span> <span class='ocrx_word' id='word_1_21' title='bbox 660 575 829 673; x_wconf 82' lang='lat' dir='ltr'>sequenda</span> <span class='ocrx_word' id='word_1_22' title='bbox 847 578 913 663; x_wconf 79' lang='lat' dir='ltr'>esl3</span> <span class='ocrx_word' id='word_1_23' title='bbox 936 580 1132 677; x_wconf 81' lang='lat' dir='ltr'>ptaecepteis</span> <span class='ocrx_word' id='word_1_24' title='bbox 1152 580 1236 653; x_wconf 90' lang='lat' dir='ltr'>nihil</span> <span class='ocrx_word' id='word_1_25' title='bbox 1318 587 1323 592; x_wconf 84' lang='lat'>&#39;</span> 
     </span>
     <span class='ocr_line' id='line_1_4' title="bbox 237 677 1288 788; baseline 0.007 -30"><span class='ocrx_word' id='word_1_26' title='bbox 237 677 240 692; x_wconf 65' lang='lat'>¹</span> <span class='ocrx_word' id='word_1_27' title='bbox 271 708 359 783; x_wconf 88' lang='lat' dir='ltr'>opus</span> <span class='ocrx_word' id='word_1_28' title='bbox 377 684 444 759; x_wconf 82' lang='lat' dir='ltr'>est:</span> <span class='ocrx_word' id='word_1_29' title='bbox 462 684 559 783; x_wconf 88' lang='lat' dir='ltr'>quod</span> <span class='ocrx_word' id='word_1_30' title='bbox 578 711 655 762; x_wconf 88' lang='lat' dir='ltr'>cum</span> <span class='ocrx_word' id='word_1_31' title='bbox 672 686 953 762; x_wconf 85' lang='lat' dir='ltr'>consuetudinem</span> <span class='ocrx_word' id='word_1_32' title='bbox 975 691 1175 788; x_wconf 89' lang='lat' dir='ltr'>sequemur,</span> <span class='ocrx_word' id='word_1_33' title='bbox 1196 717 1238 778; x_wconf 72' lang='lat' dir='ltr'>ea</span> <span class='ocrx_word' id='word_1_34' title='bbox 1282 713 1288 718; x_wconf 83' lang='grc'><strong><em>·</em></strong></span> 
     </span>
    </p>

    <p class='ocr_par' dir='ltr' id='par_1_4' title="bbox 268 795 1237 896">
     <span class='ocr_line' id='line_1_5' title="bbox 268 795 1237 896; baseline 0.003 -25"><span class='ocrx_word' id='word_1_35' title='bbox 268 823 334 872; x_wconf 85' lang='lat' dir='ltr'>nos</span> <span class='ocrx_word' id='word_1_36' title='bbox 348 796 516 896; x_wconf 85' lang='lat' dir='ltr'>sequetur.</span> <span class='ocrx_word' id='word_1_37' title='bbox 530 795 573 887; x_wconf 89' lang='lat' dir='ltr'>si,</span> <span class='ocrx_word' id='word_1_38' title='bbox 592 821 670 896; x_wconf 83' lang='lat' dir='ltr'>quae</span> <span class='ocrx_word' id='word_1_39' title='bbox 688 809 759 869; x_wconf 80' lang='lat' dir='ltr'>non</span> <span class='ocrx_word' id='word_1_40' title='bbox 774 799 821 870; x_wconf 86' lang='lat' dir='ltr'>est</span> <span class='ocrx_word' id='word_1_41' title='bbox 841 799 876 870; x_wconf 91' lang='lat' dir='ltr'>in</span> <span class='ocrx_word' id='word_1_42' title='bbox 895 800 1162 889; x_wconf 84' lang='lat' dir='ltr'>consuetudine,</span> <span class='ocrx_word' id='word_1_43' title='bbox 1183 799 1237 874; x_wconf 90' lang='lat' dir='ltr'>se·</span> 
     </span>
    </p>
   </div>
   <div class='ocr_carea' id='block_1_3' title="bbox 268 902 1238 1108">
    <p class='ocr_par' dir='ltr' id='par_1_5' title="bbox 268 902 1238 1108">
     <span class='ocr_line' id='line_1_6' title="bbox 268 902 1238 1006; baseline 0.002 -27"><span class='ocrx_word' id='word_1_44' title='bbox 268 931 433 1002; x_wconf 73' lang='lat' dir='ltr'>quemuis,</span> <span class='ocrx_word' id='word_1_45' title='bbox 447 902 637 1003; x_wconf 87' lang='lat' dir='ltr'>utquisque</span> <span class='ocrx_word' id='word_1_46' title='bbox 652 906 725 979; x_wconf 90' lang='lat' dir='ltr'>duo</span> <span class='ocrx_word' id='word_1_47' title='bbox 742 907 847 981; x_wconf 86' lang='lat' dir='ltr'>verba</span> <span class='ocrx_word' id='word_1_48' title='bbox 867 908 902 980; x_wconf 87' lang='lat' dir='ltr'>iu</span> <span class='ocrx_word' id='word_1_49' title='bbox 922 929 1085 1006; x_wconf 83' lang='lat' dir='ltr'>quattuor</span> <span class='ocrx_word' id='word_1_50' title='bbox 1097 908 1238 983; x_wconf 87' lang='lat' dir='ltr'>formeis</span> 
     </span>
     <span class='ocr_line' id='line_1_7' title="bbox 270 1008 1238 1108; baseline 0.006 -23"><span class='ocrx_word' id='word_1_51' title='bbox 270 1011 442 1085; x_wconf 78' lang='lat' dir='ltr'>finxerunt</span> <span class='ocrx_word' id='word_1_52' title='bbox 460 1008 632 1101; x_wconf 84' lang='lat' dir='ltr'>fimiliter,</span> <span class='ocrx_word' id='word_1_53' title='bbox 648 1012 805 1108; x_wconf 88' lang='lat' dir='ltr'>quamvis</span> <span class='ocrx_word' id='word_1_54' title='bbox 825 1017 898 1088; x_wconf 85' lang='lat' dir='ltr'>haec</span> <span class='ocrx_word' id='word_1_55' title='bbox 920 1017 1111 1107; x_wconf 87' lang='lat' dir='ltr'>nollemus,</span> <span class='ocrx_word' id='word_1_56' title='bbox 1125 1038 1238 1092; x_wconf 87' lang='lat' dir='ltr'>tamen</span> 
     </span>
    </p>
   </div>
   <div class='ocr_carea' id='block_1_4' title="bbox 119 1118 1238 1224">
    <p class='ocr_par' dir='ltr' id='par_1_6' title="bbox 119 1118 1238 1224">
     <span class='ocr_line' id='line_1_8' title="bbox 119 1118 1238 1224; baseline 0.006 -33"><span class='ocrx_word' id='word_1_57' title='bbox 119 1171 132 1178; x_wconf 91' lang='lat'>-</span> <span class='ocrx_word' id='word_1_58' title='bbox 220 1173 225 1186; x_wconf 69' lang='lat'>,</span> <span class='ocrx_word' id='word_1_59' title='bbox 269 1144 371 1194; x_wconf 80' lang='lat' dir='ltr'>erunt</span> <span class='ocrx_word' id='word_1_60' title='bbox 394 1118 584 1216; x_wconf 85' lang='lat' dir='ltr'>sequenda:</span> <span class='ocrx_word' id='word_1_61' title='bbox 604 1135 664 1207; x_wconf 90' lang='lat' dir='ltr'>ut,</span> <span class='ocrx_word' id='word_1_62' title='bbox 683 1119 861 1224; x_wconf 86' lang='lat' dir='ltr'>luppiter,</span> <span class='ocrx_word' id='word_1_63' title='bbox 883 1123 1080 1220; x_wconf 81' lang='lat' dir='ltr'>Marspiter:</span> <span class='ocrx_word' id='word_1_64' title='bbox 1102 1126 1238 1220; x_wconf 78' lang='lat' dir='ltr'>quassu</span> 
     </span>
    </p>
   </div>
   <div class='ocr_carea' id='block_1_5' title="bbox 254 1227 1240 1436">
    <p class='ocr_par' dir='ltr' id='par_1_7' title="bbox 254 1227 1240 1436">
     <span class='ocr_line' id='line_1_9' title="bbox 266 1227 1240 1330; baseline 0.006 -27"><span class='ocrx_word' id='word_1_65' title='bbox 266 1230 350 1330; x_wconf 82' lang='lat' dir='ltr'>quis</span> <span class='ocrx_word' id='word_1_66' title='bbox 368 1228 477 1302; x_wconf 85' lang='lat' dir='ltr'>servet</span> <span class='ocrx_word' id='word_1_67' title='bbox 497 1227 684 1326; x_wconf 81' lang='lat' dir='ltr'>analogias,</span> <span class='ocrx_word' id='word_1_68' title='bbox 705 1254 770 1326; x_wconf 89' lang='lat' dir='ltr'>pro</span> <span class='ocrx_word' id='word_1_69' title='bbox 792 1230 912 1304; x_wconf 87' lang='lat' dir='ltr'>insano</span> <span class='ocrx_word' id='word_1_70' title='bbox 930 1232 968 1302; x_wconf 83' lang='lat' dir='ltr'>fit</span> <span class='ocrx_word' id='word_1_71' title='bbox 988 1234 1240 1330; x_wconf 84' lang='lat' dir='ltr'>reprehenden-</span> 
     </span>
     <span class='ocr_line' id='line_1_10' title="bbox 254 1335 1240 1436; baseline 0.004 -24"><span class='ocrx_word' id='word_1_72' title='bbox 254 1342 345 1432; x_wconf 73' lang='lat' dir='ltr'>vdus.</span> <span class='ocrx_word' id='word_1_73' title='bbox 365 1362 437 1410; x_wconf 89' lang='grc' dir='ltr'>ιιοιι</span> <span class='ocrx_word' id='word_1_74' title='bbox 455 1360 537 1436; x_wconf 83' lang='lat' dir='ltr'>ergo</span> <span class='ocrx_word' id='word_1_75' title='bbox 557 1335 603 1409; x_wconf 86' lang='lat' dir='ltr'>est</span> <span class='ocrx_word' id='word_1_76' title='bbox 619 1361 658 1411; x_wconf 83' lang='lat' dir='ltr'>ea</span> <span class='ocrx_word' id='word_1_77' title='bbox 677 1335 852 1435; x_wconf 83' lang='lat' dir='ltr'>sequenda.</span> <span class='ocrx_word' id='word_1_78' title='bbox 866 1339 974 1434; x_wconf 81' lang='lat' dir='ltr'>Quod</span> <span class='ocrx_word' id='word_1_79' title='bbox 992 1340 1015 1415; x_wconf 81' lang='lat' dir='ltr'>st</span> <span class='ocrx_word' id='word_1_80' title='bbox 1029 1362 1187 1435; x_wconf 79' lang='lat' dir='ltr'>oportet,</span> <span class='ocrx_word' id='word_1_81' title='bbox 1202 1361 1240 1416; x_wconf 88' lang='lat' dir='ltr'>ut</span> 
     </span>
    </p>
   </div>
   <div class='ocr_carea' id='block_1_6' title="bbox 127 1447 1242 1535">
    <p class='ocr_par' dir='ltr' id='par_1_8' title="bbox 127 1447 1242 1535">
     <span class='ocr_line' id='line_1_11' title="bbox 127 1447 1242 1535; baseline 0.003 -12"><span class='ocrx_word' id='word_1_82' title='bbox 127 1457 134 1482; x_wconf 83' lang='lat'><strong><em>¹</em></strong></span> <span class='ocrx_word' id='word_1_83' title='bbox 272 1476 293 1524; x_wconf 85' lang='lat' dir='ltr'>a</span> <span class='ocrx_word' id='word_1_84' title='bbox 315 1449 477 1523; x_wconf 78' lang='lat' dir='ltr'>similibus</span> <span class='ocrx_word' id='word_1_85' title='bbox 492 1447 646 1521; x_wconf 74' lang='lat' dir='ltr'>similiter</span> <span class='ocrx_word' id='word_1_86' title='bbox 666 1450 783 1523; x_wconf 85' lang='lat' dir='ltr'>omnia</span> <span class='ocrx_word' id='word_1_87' title='bbox 806 1452 1020 1524; x_wconf 72' lang='lat' dir='ltr'>declinentur</span> <span class='ocrx_word' id='word_1_88' title='bbox 1044 1453 1163 1535; x_wconf 87' lang='lat' dir='ltr'>verba,</span> <span class='ocrx_word' id='word_1_89' title='bbox 1188 1453 1242 1526; x_wconf 88' lang='lat' dir='ltr'>se·</span> 
     </span>
    </p>
   </div>
   <div class='ocr_carea' id='block_1_7' title="bbox 272 1554 1240 1767">
    <p class='ocr_par' dir='ltr' id='par_1_9' title="bbox 272 1554 1240 1767">
     <span class='ocr_line' id='line_1_12' title="bbox 272 1554 1239 1658; baseline 0.005 -27"><span class='ocrx_word' id='word_1_90' title='bbox 272 1559 464 1658; x_wconf 85' lang='lat' dir='ltr'>quitur,ut</span> <span class='ocrx_word' id='word_1_91' title='bbox 488 1554 529 1629; x_wconf 84' lang='lat' dir='ltr'>ab</span> <span class='ocrx_word' id='word_1_92' title='bbox 554 1555 625 1628; x_wconf 90' lang='lat' dir='ltr'>heis</span> <span class='ocrx_word' id='word_1_93' title='bbox 646 1554 810 1631; x_wconf 77' lang='lat' dir='ltr'>similibus</span> <span class='ocrx_word' id='word_1_94' title='bbox 831 1559 948 1632; x_wconf 83' lang='lat' dir='ltr'>fimilia</span> <span class='ocrx_word' id='word_1_95' title='bbox 973 1561 1116 1634; x_wconf 83' lang='lat' dir='ltr'>debeant</span> <span class='ocrx_word' id='word_1_96' title='bbox 1143 1558 1239 1658; x_wconf 84' lang='lat' dir='ltr'>fingi.</span> 
     </span>
     <span class='ocr_line' id='line_1_13' title="bbox 275 1663 1240 1767; baseline 0.003 -27"><span class='ocrx_word' id='word_1_97' title='bbox 275 1669 373 1767; x_wconf 91' lang='lat' dir='ltr'>quod</span> <span class='ocrx_word' id='word_1_98' title='bbox 395 1691 469 1742; x_wconf 90' lang='lat' dir='ltr'>non</span> <span class='ocrx_word' id='word_1_99' title='bbox 493 1663 546 1738; x_wconf 83' lang='lat' dir='ltr'>fit:</span> <span class='ocrx_word' id='word_1_100' title='bbox 566 1690 644 1737; x_wconf 82' lang='lat' dir='ltr'>nam</span> <span class='ocrx_word' id='word_1_101' title='bbox 666 1666 705 1739; x_wconf 91' lang='lat'>&amp;</span> <span class='ocrx_word' id='word_1_102' title='bbox 728 1692 749 1739; x_wconf 88' lang='lat' dir='ltr'>a</span> <span class='ocrx_word' id='word_1_103' title='bbox 768 1666 929 1743; x_wconf 85' lang='lat' dir='ltr'>similibus</span> <span class='ocrx_word' id='word_1_104' title='bbox 951 1670 1014 1743; x_wconf 82' lang='lat' dir='ltr'>alia</span> <span class='ocrx_word' id='word_1_105' title='bbox 1038 1669 1124 1746; x_wconf 86' lang='lat' dir='ltr'>fiunt</span> <span class='ocrx_word' id='word_1_106' title='bbox 1148 1671 1240 1745; x_wconf 85' lang='lat' dir='ltr'>limi·</span> 
     </span>
    </p>
   </div>
   <div class='ocr_carea' id='block_1_8' title="bbox 36 1755 1242 1878">
    <p class='ocr_par' dir='ltr' id='par_1_10' title="bbox 36 1755 1242 1878">
     <span class='ocr_line' id='line_1_14' title="bbox 36 1755 1242 1878; baseline -0.007 -19"><span class='ocrx_word' id='word_1_107' title='bbox 36 1808 41 1818; x_wconf 93' lang='lat'>·</span> <span class='ocrx_word' id='word_1_108' title='bbox 71 1777 75 1784; x_wconf 80' lang='grc'><strong>’</strong></span> <span class='ocrx_word' id='word_1_109' title='bbox 121 1825 160 1878; x_wconf 53' lang='lat'>‚2</span> <span class='ocrx_word' id='word_1_110' title='bbox 272 1778 339 1863; x_wconf 76' lang='lat' dir='ltr'>tn,</span> <span class='ocrx_word' id='word_1_111' title='bbox 362 1774 427 1848; x_wconf 73' lang='lat' dir='ltr'>aua</span> <span class='ocrx_word' id='word_1_112' title='bbox 452 1772 635 1847; x_wconf 55' lang='lat' dir='ltr'>nunnus</span> <span class='ocrx_word' id='word_1_113' title='bbox 660 1774 698 1848; x_wconf 84' lang='grc' dir='ltr'>ιι</span> <span class='ocrx_word' id='word_1_114' title='bbox 725 1799 745 1847; x_wconf 79' lang='lat' dir='ltr'>a</span> <span class='ocrx_word' id='word_1_115' title='bbox 771 1775 979 1851; x_wconf 81' lang='lat' dir='ltr'>diffimilibus</span> <span class='ocrx_word' id='word_1_116' title='bbox 1001 1779 1122 1874; x_wconf 70' lang='lat' dir='ltr'>parum</span> <span class='ocrx_word' id='word_1_117' title='bbox 1137 1755 1242 1853; x_wconf 75' lang='lat' dir='ltr'>‘umi-</span> 
     </span>
    </p>
   </div>
   <div class='ocr_carea' id='block_1_9' title="bbox 191 1884 1324 3845">
    <p class='ocr_par' dir='ltr' id='par_1_11' title="bbox 191 1884 1324 3845">
     <span class='ocr_line' id='line_1_15' title="bbox 272 1884 1244 1985; baseline 0 -23"><span class='ocrx_word' id='word_1_118' title='bbox 272 1888 339 1979; x_wconf 83' lang='lat' dir='ltr'>lia,</span> <span class='ocrx_word' id='word_1_119' title='bbox 361 1885 483 1985; x_wconf 83' lang='lat' dir='ltr'>partim</span> <span class='ocrx_word' id='word_1_120' title='bbox 505 1884 682 1959; x_wconf 82' lang='lat' dir='ltr'>disfimilia.</span> <span class='ocrx_word' id='word_1_121' title='bbox 700 1891 733 1957; x_wconf 93' lang='lat' dir='ltr'>A</span> <span class='ocrx_word' id='word_1_122' title='bbox 749 1885 911 1960; x_wconf 75' lang='lat' dir='ltr'>similibus</span> <span class='ocrx_word' id='word_1_123' title='bbox 931 1888 1070 1977; x_wconf 79' lang='lat' dir='ltr'>similia,</span> <span class='ocrx_word' id='word_1_124' title='bbox 1087 1907 1159 1962; x_wconf 80' lang='lat' dir='ltr'>uta</span> <span class='ocrx_word' id='word_1_125' title='bbox 1177 1890 1244 1962; x_wconf 89' lang='lat' dir='ltr'>bo·</span> 
     </span>
     <span class='ocr_line' id='line_1_16' title="bbox 275 1996 1243 2086; baseline 0.001 -15"><span class='ocrx_word' id='word_1_126' title='bbox 275 2023 325 2072; x_wconf 90' lang='lat' dir='ltr'>no</span> <span class='ocrx_word' id='word_1_127' title='bbox 346 2023 386 2071; x_wconf 85' lang='lat' dir='ltr'>ac</span> <span class='ocrx_word' id='word_1_128' title='bbox 409 1998 518 2082; x_wconf 83' lang='lat' dir='ltr'>malo,</span> <span class='ocrx_word' id='word_1_129' title='bbox 536 1996 692 2086; x_wconf 86' lang='lat' dir='ltr'>bonum,</span> <span class='ocrx_word' id='word_1_130' title='bbox 711 1996 848 2069; x_wconf 84' lang='lat' dir='ltr'>malum.</span> <span class='ocrx_word' id='word_1_131' title='bbox 869 2001 899 2068; x_wconf 91' lang='lat' dir='ltr'>A</span> <span class='ocrx_word' id='word_1_132' title='bbox 918 1996 1079 2069; x_wconf 78' lang='lat' dir='ltr'>similibus</span> <span class='ocrx_word' id='word_1_133' title='bbox 1102 1999 1243 2072; x_wconf 75' lang='lat' dir='ltr'>diffini·</span> 
     </span>
     <span class='ocr_line' id='line_1_17' title="bbox 274 2101 1243 2200; baseline 0.002 -22"><span class='ocrx_word' id='word_1_134' title='bbox 274 2107 337 2194; x_wconf 79' lang='lat' dir='ltr'>lia,</span> <span class='ocrx_word' id='word_1_135' title='bbox 353 2122 391 2177; x_wconf 90' lang='lat' dir='ltr'>ut</span> <span class='ocrx_word' id='word_1_136' title='bbox 409 2130 430 2177; x_wconf 87' lang='lat' dir='ltr'>a</span> <span class='ocrx_word' id='word_1_137' title='bbox 448 2105 568 2200; x_wconf 87' lang='lat' dir='ltr'>lupus,</span> <span class='ocrx_word' id='word_1_138' title='bbox 587 2104 704 2199; x_wconf 80' lang='lat' dir='ltr'>lepus3</span> <span class='ocrx_word' id='word_1_139' title='bbox 726 2101 829 2196; x_wconf 90' lang='lat' dir='ltr'>lupo,</span> <span class='ocrx_word' id='word_1_140' title='bbox 849 2102 970 2200; x_wconf 80' lang='lat' dir='ltr'>lepori.</span> <span class='ocrx_word' id='word_1_141' title='bbox 989 2107 1123 2179; x_wconf 82' lang='lat' dir='ltr'>Contra</span> <span class='ocrx_word' id='word_1_142' title='bbox 1139 2134 1158 2180; x_wconf 92' lang='lat' dir='ltr'>a</span> <span class='ocrx_word' id='word_1_143' title='bbox 1174 2108 1243 2180; x_wconf 90' lang='lat' dir='ltr'>dis·</span> 
     </span>
     <span class='ocr_line' id='line_1_18' title="bbox 220 2210 1272 2304; baseline 0.003 -15"><span class='ocrx_word' id='word_1_144' title='bbox 220 2233 223 2238; x_wconf 83' lang='grc'><em>“</em></span> <span class='ocrx_word' id='word_1_145' title='bbox 275 2213 441 2289; x_wconf 78' lang='lat' dir='ltr'>similibus</span> <span class='ocrx_word' id='word_1_146' title='bbox 463 2211 653 2302; x_wconf 76' lang='lat' dir='ltr'>dissimilia,</span> <span class='ocrx_word' id='word_1_147' title='bbox 672 2231 709 2283; x_wconf 92' lang='lat' dir='ltr'>ut</span> <span class='ocrx_word' id='word_1_148' title='bbox 728 2210 880 2286; x_wconf 79' lang='lat' dir='ltr'>Priamus</span> <span class='ocrx_word' id='word_1_149' title='bbox 898 2213 1009 2304; x_wconf 83' lang='lat' dir='ltr'>Paris,</span> <span class='ocrx_word' id='word_1_150' title='bbox 1028 2216 1163 2290; x_wconf 84' lang='lat' dir='ltr'>Priamo</span> <span class='ocrx_word' id='word_1_151' title='bbox 1182 2221 1244 2292; x_wconf 76' lang='lat' dir='ltr'>Pa·</span> <span class='ocrx_word' id='word_1_152' title='bbox 1269 2229 1272 2236; x_wconf 87' lang='lat'>&#39;</span> 
     </span>
     <span class='ocr_line' id='line_1_19' title="bbox 276 2320 1244 2421; baseline 0.003 -22"><span class='ocrx_word' id='word_1_153' title='bbox 276 2325 319 2400; x_wconf 85' lang='lat' dir='ltr'>ri.</span> <span class='ocrx_word' id='word_1_154' title='bbox 339 2321 593 2399; x_wconf 82' lang='lat' dir='ltr'>Adissnnilibus</span> <span class='ocrx_word' id='word_1_155' title='bbox 614 2320 752 2407; x_wconf 79' lang='lat' dir='ltr'>similia,</span> <span class='ocrx_word' id='word_1_156' title='bbox 768 2342 805 2397; x_wconf 89' lang='lat' dir='ltr'>ut</span> <span class='ocrx_word' id='word_1_157' title='bbox 823 2325 976 2421; x_wconf 84' lang='lat' dir='ltr'>luppiter</span> <span class='ocrx_word' id='word_1_158' title='bbox 996 2326 1116 2417; x_wconf 83' lang='lat' dir='ltr'>lovis,</span> <span class='ocrx_word' id='word_1_159' title='bbox 1130 2330 1244 2402; x_wconf 89' lang='lat' dir='ltr'>&amp;Jo-</span> 
     </span>
     <span class='ocr_line' id='line_1_20' title="bbox 276 2432 1245 2529; baseline -0.015 -20"><span class='ocrx_word' id='word_1_160' title='bbox 276 2432 335 2509; x_wconf 82' lang='lat' dir='ltr'>vis</span> <span class='ocrx_word' id='word_1_161' title='bbox 354 2432 459 2509; x_wconf 81' lang='lat' dir='ltr'>lovis.</span> <span class='ocrx_word' id='word_1_162' title='bbox 476 2433 529 2506; x_wconf 88' lang='lat' dir='ltr'>Eo</span> <span class='ocrx_word' id='word_1_163' title='bbox 550 2433 650 2508; x_wconf 85' lang='lat' dir='ltr'>etiam</span> <span class='ocrx_word' id='word_1_164' title='bbox 670 2434 774 2529; x_wconf 81' lang='lat' dir='ltr'>magis</span> <span class='ocrx_word' id='word_1_165' title='bbox 788 2435 977 2517; x_wconf 69' lang='grc' dir='ltr'>ἁναιιγιιῶς</span> <span class='ocrx_word' id='word_1_166' title='bbox 995 2436 1162 2509; x_wconf 86' lang='lat' dir='ltr'>diffimilia</span> <span class='ocrx_word' id='word_1_167' title='bbox 1177 2434 1245 2512; x_wconf 86' lang='lat' dir='ltr'>sin.</span> 
     </span>
     <span class='ocr_line' id='line_1_21' title="bbox 253 2533 1290 2646; baseline 0.003 -31"><span class='ocrx_word' id='word_1_168' title='bbox 253 2566 256 2571; x_wconf 78' lang='grc'>’</span> <span class='ocrx_word' id='word_1_169' title='bbox 277 2563 425 2646; x_wconf 79' lang='lat' dir='ltr'>guntur,</span> <span class='ocrx_word' id='word_1_170' title='bbox 446 2542 501 2616; x_wconf 91' lang='lat' dir='ltr'>sed</span> <span class='ocrx_word' id='word_1_171' title='bbox 524 2542 624 2616; x_wconf 87' lang='lat' dir='ltr'>etiam</span> <span class='ocrx_word' id='word_1_172' title='bbox 644 2543 687 2617; x_wconf 86' lang='lat' dir='ltr'>ab</span> <span class='ocrx_word' id='word_1_173' title='bbox 705 2540 820 2614; x_wconf 89' lang='lat' dir='ltr'>iisdem</span> <span class='ocrx_word' id='word_1_174' title='bbox 841 2544 1037 2640; x_wconf 81' lang='lat' dir='ltr'>voeabuleis</span> <span class='ocrx_word' id='word_1_175' title='bbox 1061 2545 1245 2620; x_wconf 77' lang='lat' dir='ltr'>dissimilia:</span> <span class='ocrx_word' id='word_1_176' title='bbox 1289 2533 1290 2538; x_wconf 24' lang='lat'>¹</span> 
     </span>
     <span class='ocr_line' id='line_1_22' title="bbox 278 2651 1245 2753; baseline -0.002 -24"><span class='ocrx_word' id='word_1_177' title='bbox 278 2679 392 2753; x_wconf 85' lang='lat' dir='ltr'>neque</span> <span class='ocrx_word' id='word_1_178' title='bbox 413 2678 433 2726; x_wconf 84' lang='lat' dir='ltr'>a</span> <span class='ocrx_word' id='word_1_179' title='bbox 456 2651 666 2727; x_wconf 78' lang='lat' dir='ltr'>dissimilibus</span> <span class='ocrx_word' id='word_1_180' title='bbox 685 2652 821 2741; x_wconf 80' lang='lat' dir='ltr'>finilia,</span> <span class='ocrx_word' id='word_1_181' title='bbox 842 2652 897 2725; x_wconf 94' lang='lat' dir='ltr'>sed</span> <span class='ocrx_word' id='word_1_182' title='bbox 920 2655 1020 2726; x_wconf 83' lang='lat' dir='ltr'>etiam</span> <span class='ocrx_word' id='word_1_183' title='bbox 1045 2656 1171 2729; x_wconf 78' lang='lat' dir='ltr'>eadem.</span> <span class='ocrx_word' id='word_1_184' title='bbox 1189 2656 1245 2729; x_wconf 92' lang='lat' dir='ltr'>Ab</span> 
     </span>
     <span class='ocr_line' id='line_1_23' title="bbox 279 2759 1246 2862; baseline 0 -25"><span class='ocrx_word' id='word_1_185' title='bbox 279 2761 395 2837; x_wconf 88' lang='lat' dir='ltr'>iisdem</span> <span class='ocrx_word' id='word_1_186' title='bbox 424 2761 624 2835; x_wconf 84' lang='lat' dir='ltr'>vocabuleis</span> <span class='ocrx_word' id='word_1_187' title='bbox 656 2760 823 2834; x_wconf 78' lang='lat' dir='ltr'>dissimilia</span> <span class='ocrx_word' id='word_1_188' title='bbox 851 2759 933 2859; x_wconf 82' lang='lat' dir='ltr'>singi</span> <span class='ocrx_word' id='word_1_189' title='bbox 963 2783 1122 2860; x_wconf 80' lang='lat' dir='ltr'>apparet,</span> <span class='ocrx_word' id='word_1_190' title='bbox 1148 2765 1246 2862; x_wconf 87' lang='lat' dir='ltr'>quod</span> 
     </span>
     <span class='ocr_line' id='line_1_24' title="bbox 191 2868 1247 2961; baseline 0.004 -19"><span class='ocrx_word' id='word_1_191' title='bbox 191 2937 194 2942; x_wconf 84' lang='grc'><strong>.</strong></span> <span class='ocrx_word' id='word_1_192' title='bbox 244 2925 248 2936; x_wconf 85' lang='lat'><em>·</em></span> <span class='ocrx_word' id='word_1_193' title='bbox 281 2895 360 2946; x_wconf 86' lang='lat' dir='ltr'>cum</span> <span class='ocrx_word' id='word_1_194' title='bbox 384 2870 459 2941; x_wconf 69' lang='lat' dir='ltr'>duee</span> <span class='ocrx_word' id='word_1_195' title='bbox 473 2868 537 2941; x_wconf 83' lang='lat' dir='ltr'>fint</span> <span class='ocrx_word' id='word_1_196' title='bbox 557 2869 677 2958; x_wconf 85' lang='lat' dir='ltr'>Albae,</span> <span class='ocrx_word' id='word_1_197' title='bbox 701 2872 744 2942; x_wconf 83' lang='lat' dir='ltr'>ab</span> <span class='ocrx_word' id='word_1_198' title='bbox 766 2895 831 2942; x_wconf 83' lang='lat' dir='ltr'>una</span> <span class='ocrx_word' id='word_1_199' title='bbox 854 2869 1015 2942; x_wconf 87' lang='lat' dir='ltr'>dicuntur</span> <span class='ocrx_word' id='word_1_200' title='bbox 1034 2873 1178 2961; x_wconf 85' lang='lat' dir='ltr'>Albani,</span> <span class='ocrx_word' id='word_1_201' title='bbox 1203 2875 1247 2946; x_wconf 81' lang='lat' dir='ltr'>ab</span> 
     </span>
     <span class='ocr_line' id='line_1_25' title="bbox 281 2978 1286 3070; baseline 0.003 -16"><span class='ocrx_word' id='word_1_202' title='bbox 281 2981 386 3055; x_wconf 85' lang='lat' dir='ltr'>altera</span> <span class='ocrx_word' id='word_1_203' title='bbox 404 2978 582 3053; x_wconf 80' lang='lat' dir='ltr'>Albenses:</span> <span class='ocrx_word' id='word_1_204' title='bbox 596 3004 671 3055; x_wconf 88' lang='lat' dir='ltr'>cum</span> <span class='ocrx_word' id='word_1_205' title='bbox 689 2978 787 3052; x_wconf 86' lang='lat' dir='ltr'>trinae</span> <span class='ocrx_word' id='word_1_206' title='bbox 805 2978 928 3060; x_wconf 85' lang='lat' dir='ltr'>suerint</span> <span class='ocrx_word' id='word_1_207' title='bbox 948 2983 1110 3070; x_wconf 82' lang='lat' dir='ltr'>Athenae,</span> <span class='ocrx_word' id='word_1_208' title='bbox 1125 2983 1167 3061; x_wconf 81' lang='lat' dir='ltr'>ab</span> <span class='ocrx_word' id='word_1_209' title='bbox 1181 3007 1248 3055; x_wconf 82' lang='lat' dir='ltr'>una</span> <span class='ocrx_word' id='word_1_210' title='bbox 1283 3049 1286 3057; x_wconf 94' lang='lat'>.</span> 
     </span>
     <span class='ocr_line' id='line_1_26' title="bbox 283 3085 1249 3177; baseline 0.001 -15"><span class='ocrx_word' id='word_1_211' title='bbox 283 3087 363 3163; x_wconf 70' lang='lat' dir='ltr'>dissi</span> <span class='ocrx_word' id='word_1_212' title='bbox 375 3085 529 3160; x_wconf 86' lang='lat' dir='ltr'>Athenaei</span> <span class='ocrx_word' id='word_1_213' title='bbox 540 3140 551 3175; x_wconf 95' lang='lat'>,</span> <span class='ocrx_word' id='word_1_214' title='bbox 564 3086 607 3161; x_wconf 81' lang='lat' dir='ltr'>ab</span> <span class='ocrx_word' id='word_1_215' title='bbox 624 3087 727 3160; x_wconf 82' lang='lat' dir='ltr'>altera</span> <span class='ocrx_word' id='word_1_216' title='bbox 742 3086 984 3177; x_wconf 82' lang='lat' dir='ltr'>Athenienses,</span> <span class='ocrx_word' id='word_1_217' title='bbox 999 3115 1017 3161; x_wconf 82' lang='lat' dir='ltr'>a</span> <span class='ocrx_word' id='word_1_218' title='bbox 1031 3091 1129 3164; x_wconf 82' lang='lat' dir='ltr'>tertia</span> <span class='ocrx_word' id='word_1_219' title='bbox 1146 3092 1249 3163; x_wconf 89' lang='lat' dir='ltr'>Athe·</span> 
     </span>
     <span class='ocr_line' id='line_1_27' title="bbox 283 3195 1314 3295; baseline -0.004 -23"><span class='ocrx_word' id='word_1_220' title='bbox 283 3196 492 3295; x_wconf 71' lang='lat' dir='ltr'>neopolitae.</span> <span class='ocrx_word' id='word_1_221' title='bbox 511 3195 545 3268; x_wconf 84' lang='lat' dir='ltr'>Si</span> <span class='ocrx_word' id='word_1_222' title='bbox 564 3221 608 3269; x_wconf 83' lang='lat' dir='ltr'>ex</span> <span class='ocrx_word' id='word_1_223' title='bbox 629 3195 790 3268; x_wconf 76' lang='lat' dir='ltr'>diverseis</span> <span class='ocrx_word' id='word_1_224' title='bbox 808 3195 943 3268; x_wconf 86' lang='lat' dir='ltr'>verbeis</span> <span class='ocrx_word' id='word_1_225' title='bbox 962 3197 1066 3270; x_wconf 85' lang='lat' dir='ltr'>multa</span> <span class='ocrx_word' id='word_1_226' title='bbox 1087 3197 1192 3285; x_wconf 76' lang='lat' dir='ltr'>satta,</span> <span class='ocrx_word' id='word_1_227' title='bbox 1210 3198 1247 3268; x_wconf 92' lang='lat' dir='ltr'>in</span> <span class='ocrx_word' id='word_1_228' title='bbox 1308 3257 1314 3276; x_wconf 82' lang='grc'><em>,</em></span> 
     </span>
     <span class='ocr_line' id='line_1_28' title="bbox 253 3295 1324 3408; baseline -0.01 -22"><span class='ocrx_word' id='word_1_229' title='bbox 253 3309 489 3408; x_wconf 53' lang='lat' dir='ltr'>„declinando</span> <span class='ocrx_word' id='word_1_230' title='bbox 502 3306 728 3380; x_wconf 79' lang='lat' dir='ltr'>inveniuntur</span> <span class='ocrx_word' id='word_1_231' title='bbox 740 3306 855 3379; x_wconf 83' lang='lat' dir='ltr'>eadem</span> <span class='ocrx_word' id='word_1_232' title='bbox 866 3331 876 3377; x_wconf 76' lang='lat' dir='ltr'><strong><em>z</em></strong></span> <span class='ocrx_word' id='word_1_233' title='bbox 889 3323 925 3375; x_wconf 93' lang='lat' dir='ltr'>ut</span> <span class='ocrx_word' id='word_1_234' title='bbox 940 3330 1018 3379; x_wconf 83' lang='lat' dir='ltr'>cunt</span> <span class='ocrx_word' id='word_1_235' title='bbox 1032 3307 1111 3379; x_wconf 91' lang='lat' dir='ltr'>dico</span> <span class='ocrx_word' id='word_1_236' title='bbox 1126 3306 1247 3396; x_wconf 83' lang='lat' dir='ltr'>aluo,</span> <span class='ocrx_word' id='word_1_237' title='bbox 1320 3295 1324 3301; x_wconf 65' lang='grc'><strong>’</strong></span> 
     </span>
     <span class='ocr_line' id='line_1_29' title="bbox 283 3411 1250 3509; baseline -0.007 -16"><span class='ocrx_word' id='word_1_238' title='bbox 283 3419 374 3493; x_wconf 84' lang='lat' dir='ltr'>luam</span> <span class='ocrx_word' id='word_1_239' title='bbox 386 3472 400 3507; x_wconf 92' lang='lat'>,</span> <span class='ocrx_word' id='word_1_240' title='bbox 423 3419 461 3491; x_wconf 88' lang='lat'>&amp;</span> <span class='ocrx_word' id='word_1_241' title='bbox 483 3417 606 3509; x_wconf 81' lang='lat' dir='ltr'>ablue,</span> <span class='ocrx_word' id='word_1_242' title='bbox 628 3417 775 3490; x_wconf 83' lang='lat' dir='ltr'><strong>abluam.</strong></span> <span class='ocrx_word' id='word_1_243' title='bbox 796 3413 924 3488; x_wconf 84' lang='lat' dir='ltr'>Omnia</span> <span class='ocrx_word' id='word_1_244' title='bbox 942 3413 1011 3487; x_wconf 86' lang='lat' dir='ltr'>sere</span> <span class='ocrx_word' id='word_1_245' title='bbox 1033 3413 1142 3485; x_wconf 83' lang='lat' dir='ltr'>noslta</span> <span class='ocrx_word' id='word_1_246' title='bbox 1163 3411 1250 3486; x_wconf 89' lang='lat' dir='ltr'>libe·</span> 
     </span>
     <span class='ocr_line' id='line_1_30' title="bbox 285 3525 1250 3615; baseline 0.002 -17"><span class='ocrx_word' id='word_1_247' title='bbox 285 3526 370 3598; x_wconf 82' lang='lat' dir='ltr'>ralia</span> <span class='ocrx_word' id='word_1_248' title='bbox 397 3526 435 3599; x_wconf 79' lang='grc' dir='ltr'>δι</span> <span class='ocrx_word' id='word_1_249' title='bbox 463 3527 637 3602; x_wconf 84' lang='lat' dir='ltr'>muliebria</span> <span class='ocrx_word' id='word_1_250' title='bbox 663 3527 914 3615; x_wconf 77' lang='lat' dir='ltr'>multitudinis,</span> <span class='ocrx_word' id='word_1_251' title='bbox 946 3553 1024 3602; x_wconf 90' lang='lat' dir='ltr'>cum</span> <span class='ocrx_word' id='word_1_252' title='bbox 1052 3526 1145 3598; x_wconf 71' lang='lat' dir='ltr'>reuo</span> <span class='ocrx_word' id='word_1_253' title='bbox 1170 3525 1250 3600; x_wconf 85' lang='lat' dir='ltr'>casu</span> 
     </span>
     <span class='ocr_line' id='line_1_31' title="bbox 286 3635 1250 3729; baseline 0.002 -21"><span class='ocrx_word' id='word_1_254' title='bbox 286 3635 374 3709; x_wconf 82' lang='lat' dir='ltr'>siunt</span> <span class='ocrx_word' id='word_1_255' title='bbox 394 3635 579 3729; x_wconf 81' lang='lat' dir='ltr'>diffimilia,</span> <span class='ocrx_word' id='word_1_256' title='bbox 603 3663 678 3713; x_wconf 89' lang='lat' dir='ltr'>cum</span> <span class='ocrx_word' id='word_1_257' title='bbox 701 3637 1087 3728; x_wconf 83' lang='lat' dir='ltr'>dandeicasu,s1milin.</span> <span class='ocrx_word' id='word_1_258' title='bbox 1111 3657 1152 3709; x_wconf 93' lang='lat' dir='ltr'>ut</span> <span class='ocrx_word' id='word_1_259' title='bbox 1174 3663 1250 3710; x_wconf 81' lang='lat' dir='ltr'>nta-</span> 
     </span>
     <span class='ocr_line' id='line_1_32' title="bbox 286 3744 1249 3845; baseline 0.006 -29"><span class='ocrx_word' id='word_1_260' title='bbox 286 3767 341 3821; x_wconf 84' lang='lat' dir='ltr'>tes</span> <span class='ocrx_word' id='word_1_261' title='bbox 355 3744 532 3840; x_wconf 79' lang='lat' dir='ltr'>Terentii,</span> <span class='ocrx_word' id='word_1_262' title='bbox 549 3744 683 3828; x_wconf 68' lang='lat' dir='ltr'>semina</span> <span class='ocrx_word' id='word_1_263' title='bbox 696 3748 890 3828; x_wconf 80' lang='lat' dir='ltr'>Terentiae:</span> <span class='ocrx_word' id='word_1_264' title='bbox 911 3750 1032 3825; x_wconf 78' lang='lat' dir='ltr'>eadem</span> <span class='ocrx_word' id='word_1_265' title='bbox 1050 3747 1086 3824; x_wconf 89' lang='lat' dir='ltr'>iu</span> <span class='ocrx_word' id='word_1_266' title='bbox 1106 3748 1249 3845; x_wconf 87' lang='lat' dir='ltr'>dandei,</span> 
     </span>
    </p>
   </div>
   <div class='ocr_carea' id='block_1_10' title="bbox 0 0 1448 4567">
    <p class='ocr_par' dir='ltr' id='par_1_12' title="bbox 0 0 1448 4567">
     <span class='ocr_line' id='line_1_33' title="bbox 0 0 1448 4567; baseline 0 0"><span class='ocrx_word' id='word_1_267' title='bbox 0 0 1448 4567; x_wconf 95' lang='lat' dir='ltr'> </span> 
     </span>
    </p>
   </div>
  </div>
 </body>
</html>
