2834 4567
388 323 892 451 announnra:
1049 321 1127 492 up

153 535 292 628 ciamus,
304 549 340 610 ut
352 536 451 609 Mimi
466 536 587 625 solent,
598 537 636 609 δι
650 555 837 635 optemusa
848 535 975 612 Libero
989 491 1124 638 aquam⁴
1176 527 1182 536 ¹

152 648 353 748 aLympbis
379 649 510 722 vinum
530 653 663 723 Ibidem.
751 675 754 682 ·

198 760 282 844 Non
301 758 334 833 se
348 759 405 833 illa
421 759 554 856 judicio
570 761 629 834 suo
644 761 756 859 sequi,
770 789 849 862 quae
864 761 1036 838 civitatem
1050 765 1126 838 Ro—

150 891 282 942 manam
312 867 487 944 instituisse
506 892 777 961 commemorat3
795 874 874 948 utfi
898 900 971 948 eam
999 875 1126 949 civita·
1225 891 1228 900 '

150 1002 220 1052 tem
237 1003 368 1052 novam
385 981 621 1076 constitueret,
634 1006 677 1055 ex
698 1004 825 1056 naturae
848 983 963 1082 potius
977 985 1126 1059 formula

150 1092 271 1181 Deos,
292 1091 497 1191 nominaque
515 1096 674 1169 Deorum
700 1092 734 1168 se
753 1093 851 1169 fuisse
867 1097 1125 1185 dedicaturum,

149 1226 226 1274 non
247 1203 378 1278 dubitet
397 1204 564 1280 confiteri.
587 1203 680 1279 Sed
671 1231 738 1301 jam
751 1206 924 1332 quoniam
945 1205 982 1279 in
1007 1226 1125 1278 vetere
1208 1243 1260 1263 r·

150 1315 285 1440 populo
303 1307 387 1389 effer
402 1337 541 1414 accepta
564 1318 606 1390 ab
630 1316 778 1416 antiquis
798 1317 978 1391 nominum
1001 1317 1039 1389 δι
1060 1339 1125 1390 co··
1250 1367 1257 1374 -

148 1424 351 1520 gnominum
371 1426 545 1501 historiam
562 1448 702 1518 tenere,
721 1428 893 1511 urtradita
912 1427 981 1512 est,
1000 1426 1123 1500 debere

147 1533 297 1611 sedicit:
318 1538 501 1614 &adeum
518 1537 623 1614 sinem
637 1539 694 1611 illa
710 1535 855 1626 scribere
877 1565 917 1615 ac
933 1540 1125 1638 perscruta·

147 1645 206 1733 ri,
228 1665 266 1719 ut
291 1649 409 1743 potius
438 1671 500 1722 eos
525 1647 631 1743 magis
656 1648 799 1735 colere,
820 1674 922 1745 quam
952 1650 1124 1771 despicere

147 1756 277 1854 vulgus
290 1756 386 1832 velrt
403 1759 607 1866 August&
559 1761 596 1826 ds
613 1757 712 1830 vivit.
727 1757 829 1829 Deil
814 1762 869 1838 lib.
893 1762 951 1829 IV
957 1787 1055 1853 ‚.cap
1071 1761 1124 1856 3i‘.

154 1867 309 1944 .Mulra
326 1869 393 1943 effe
408 1891 490 1948 vera
502 1892 601 1966 ,quar
615 1892 689 1941 non
704 1868 812 1942 modo
829 1867 938 1965 vulgo
954 1868 1037 1943 scire
1051 1894 1126 1941 non

146 1931 190 2054 sit
206 1980 312 2070 utile,
329 1979 520 2069 sedetiam,
536 1978 662 2053 tametfi
687 1978 767 2052 salsa
790 1979 875 2068 sint,
890 1980 988 2056 asiter
1011 1979 1125 2054 existi-

147 2115 241 2165 mare
259 2091 427 2189 populum
451 2090 633 2190 expediat·
656 2090 796 2167 &ideo
815 2094 962 2166 Graecos
987 2091 1139 2168 Teletas'
1220 2185 1223 2194 ³

149 2201 207 2275 sua
239 2201 398 2308 mysteria
429 2202 656 2278 taciturnitate
688 2201 942 2304 parietibusque
968 2202 1154 2279 clausisset*

150 2316 265 2402 Idem,
284 2315 421 2404 ibidem,
442 2337 478 2385 ur
499 2311 532 2387 ἃ
543 2315 723 2409 sequentia.

199 2423 310 2515 Quod
331 2422 367 2495 hi
389 2421 453 2496 soli
473 2423 504 2496 ei
521 2424 702 2498 videantur
725 2420 1019 2515 animadvertisse,
1037 2423 1123 2524 quid

146 2532 229 2607 esser
240 2534 342 2607 Deus
350 2559 436 2632 ,qur
425 2532 671 2607 crediderunt
683 2557 760 2606 eum
775 2531 839 2604 esse
853 2530 1027 2624 animam,
1043 2558 1124 2609 mo-

149 2643 402 2732 mactatione
426 2644 590 2716 mundum
615 2643 871 2743 gubernantem.

199 2753 298 2829 Dicit
321 2754 423 2827 eriam
433 2755 622 2851 ,antiquos
637 2757 839 2843 Romanos,
858 2749 933 2848 psus
949 2776 1051 2850 quam
1064 2778 1125 2827 an·

152 2887 218 2937 nos
241 2882 378 2938 eentum
402 2864 442 2938 δι
464 2863 698 2962 septuaginta,
723 2865 823 2939 Deos
848 2863 917 2936 fine
942 2863 1125 2941 simulacro

152 2972 302 3046 coluisse.
325 2975 433 3080 Quod
455 2973 479 3047 sr
500 2973 611 3048 adhuc
625 2972 789 3075 (inquit)
804 2972 987 3080 mansisspr,
1003 2974 1125 3048 castius

151 3084 215 3160 Dii
237 3069 511 3162 observarentur.
531 3086 640 3182 Cujus
654 3086 829 3161 sententiar
850 3084 917 3159 suae
936 3083 1053 3158 testem
1067 3085 1126 3158 ad·

150 3195 268 3284 hiber,
288 3194 376 3268 inter
392 3216 502 3271 cetera
524 3195 625 3271 etiam
645 3217 782 3295 gentem
803 3193 972 3269 Judaeam·
985 3216 1050 3267 nec
1063 3194 1125 3267 du

149 3305 238 3380 bitar
253 3247 350 3377 illum
362 3305 477 3379 locum
498 3306 542 3384 sic
557 3307 783 3395 concludere,
797 3319 835 3375 ut
846 3301 935 3375 dicar
943 3301 1127 3401 ‚·Qu1prr·

135 3415 198 3488 'rni
212 3414 389 3490 simulacra
405 3418 563 3498 Deorum
580 3414 720 3514 populis
736 3413 945 3512 posuerunt,
959 3436 1020 3486 eos
1034 3413 1126 3490 civi·

148 3523 276 3598 taribus
288 3523 354 3602 suis
366 3528 405 3604 δι
417 3548 544 3602 metum
558 3526 727 3616 demsiffe,
739 3525 779 3601 bt
794 3545 946 3598 errorem
956 3522 1126 3604 addidiffe.

199 3633 353 3732 luppiter
369 3636 471 3711 eriam
495 3637 538 3709 ab
563 3635 605 3709 iis
627 3633 778 3725 colitur,
798 3633 858 3733 qui
879 3657 987 3707 unum
1008 3635 1126 3712 Dernn

27 3752 30 3760 ’
151 3744 262 3820 solum
279 3744 544 3821 sinesrnmlatro
565 3746 707 3857 colunt,
724 3688 780 3840 seri
793 3744 863 3818 alio
880 3743 1022 3817 nomine
1035 3767 1127 3830 nun·

152 3874 305 3958 cupatur.
324 3859 457 3960 Augrqs
485 3862 522 3934 dt
545 3861 637 3936 Cirr
658 3859 727 3932 Du·
748 3860 772 3931 s
774 3860 996 4038 b‚11{,cap
1009 3883 1049 3953 9.

914 3991 933 4062 3

154 4255 168 4294 0
