2834 4567
220 341 224 356 ·
274 253 344 440 52x
467 337 529 407 nr.
553 334 769 410 Tanaum
794 331 1030 458 vinnours

268 501 354 575 bero
367 459 535 598 iidem,
549 498 590 570 ab
607 496 728 568 latibus
738 494 833 568 iares.
847 518 926 589 qua
942 493 1065 565 obruta
1080 493 1228 566 vetusta·

197 709 201 716 Ι
265 630 320 701 te,
338 630 374 681 ut
398 625 522 706 potero
541 629 660 678 eruere
680 601 847 682 conabor.
868 602 1032 676 Dicemus
1055 601 1168 697 primo
1186 605 1228 675 de

266 720 499 817 temporibus,
511 720 633 812 &quae
649 739 706 810 per
724 738 761 785 ea
779 711 876 786 fiunt.
893 713 956 783 Sed
966 711 1032 798 ita,
1045 729 1082 781 ut
1095 729 1172 783 ante
1183 712 1227 784 de

209 838 214 842 ’
266 854 385 906 natura
406 851 537 901 eorum.
560 848 599 896 ea
621 823 712 896 enim
734 824 802 894 dux
825 822 889 893 fuit
911 821 953 893 ad
974 819 1142 894 vocabula
1161 821 1228 892 imi

266 941 425 1040 ponenda
447 934 589 1010 homini.
610 927 762 1028 Tempus
782 929 846 1005 esse
868 929 985 1001 dicunt
1009 926 1227 999 intervallum

265 1051 404 1141 mundi,
417 1050 455 1122 δι
476 1067 599 1119 motus.
617 1042 653 1116 ld
667 1041 811 1114 divisum
830 1040 865 1112 in
880 1037 1003 1134 parteis
1013 1037 1144 1132 aliquot
1158 1061 1227 1107 ma-

265 1157 356 1238 xime
375 1159 418 1233 ab
437 1157 516 1230 solis
534 1158 573 1230 δι
595 1154 685 1225 lunae
706 1151 815 1224 cursu.
837 1153 950 1245 ltaque
970 1149 1013 1220 ab
1035 1171 1155 1221 eorum
1175 1168 1228 1219 te·

169 1322 171 1326 >
264 1295 352 1350 nore
368 1281 555 1364 temperato
572 1262 722 1356 Tempus
734 1257 978 1330 didumrunde
989 1253 1226 1352 Tempestira,

264 1383 308 1458 u
323 1407 343 1455 a
363 1396 460 1452 motu
476 1399 618 1464 eorum,
633 1372 691 1471 qui
704 1390 782 1445 toto
801 1371 889 1444 caio
910 1368 1113 1464 conjunctus
1125 1396 1225 1442 mun·

263 1490 326 1563 dus
346 1487 453 1575 Deo,
474 1499 588 1556 motus
608 1479 681 1554 casu
709 1475 816 1551 venit.
838 1503 856 1550 a
877 1501 950 1575 quo
970 1495 1101 1572 tempus
1125 1476 1159 1550 id
1182 1477 1224 1549 ab

263 1599 333 1674 hoc
347 1598 427 1670 Deo
445 1592 516 1668 dies
529 1589 723 1688 appellatur.
738 1586 895 1661 Meridies
908 1588 949 1660 ab
964 1610 1027 1677 co,
1043 1588 1142 1685 ‘quod
1155 1611 1224 1658 me·

264 1709 339 1783 dius
354 1707 433 1781 dies.
451 1705 489 1777 D
509 1700 639 1800 antiqui
660 1723 731 1773 non
752 1701 784 1771 R
801 1697 838 1771 in
857 1697 1025 1772 hocloco
1044 1696 1224 1786 dicebant,

264 1836 304 1894 ut
329 1814 492 1890 Praeneste
511 1811 651 1886 incisum
674 1810 708 1881 in
731 1807 855 1881 solario
870 1808 965 1896 vidi,
979 1807 1074 1903 quod
1089 1810 1224 1880 Corne·
1299 1801 1301 1816 '

263 1929 328 2002 lius
347 1927 382 1999 in
400 1924 534 1998 bafilica
560 1919 694 1995 AEmilia
716 1920 753 1990 δι
774 1915 900 1988 Fulvia·
914 1917 1128 1988 inumbravit.
1141 1916 1223 1989 Diei
1277 1941 1281 1952 ·

263 2036 469 2138 principium
482 2037 606 2120 Mane,
619 2026 714 2127 quod
726 2044 797 2097 tum
812 2043 924 2096 manat
942 2025 1011 2096 dies
1030 2025 1072 2095 ab
1093 2026 1223 2098 Orien·

263 2169 308 2225 te.
332 2145 403 2219 Nisi
425 2140 538 2238 potius
561 2138 655 2235 quod
675 2135 805 2206 bonum
826 2130 956 2227 antiqui
975 2130 1129 2205 dicebant
1148 2136 1223 2204 Ma.

192 2264 195 2267 ’
263 2282 356 2331 num.
372 2254 414 2327 ad
425 2245 615 2342 cujumodi
635 2241 832 2340 religionem
845 2238 960 2313 Graeci
972 2265 1129 2337 quoque,
1143 2266 1221 2314 cum

262 2368 378 2441 lumen
400 2341 570 2444 adferud,
584 2354 693 2428 solent
708 2351 842 2438 dicere,
862 2366 927 2448 φῶς
943 2360 1073 2441 dyaadv.
1097 2351 1221 2443 Supre.

261 2502 336 2555 ma,
350 2474 513 2547 summum
524 2468 620 2558 diei,
636 2466 700 2536 ida
718 2461 886 2558 supremo.
906 2464 977 2534 hoc
992 2481 1122 2557 tempus
1135 2462 1221 2532 duo·

263 2587 374 2664 decim
389 2581 513 2658 tabulae
531 2579 647 2653 dicunt
662 2570 831 2646 Oc'c'asum
848 2570 912 2644 etse
927 2570 1023 2643 solist
1037 2571 1090 2642 sed
1105 2569 1220 2664 postea

261 2701 318 2773 lex
339 2691 500 2768 Praetoria
524 2689 561 2760 id
584 2706 725 2782 quoque
744 2699 876 2778 tempus
899 2677 993 2772 jubet
1018 2677 1081 2750 effe
1104 2676 1220 2775 supre-
1282 2678 1291 2699 '

175 2843 179 2853 ·
262 2832 375 2895 mum,
395 2824 466 2902 quo
488 2816 612 2896 praetor
631 2793 666 2865 in
685 2790 829 2866 comitio
855 2788 1041 2883 supremam
1066 2811 1239 2881 pronun·⁴

146 2997 150 3006 ,
262 2915 364 2991 tiavit
382 2911 524 3012 populo.
539 2904 728 2980 Secundum
741 2903 810 2974 hoc
822 2897 1219 2993 diciturCrepnsculum,

261 3053 281 3101 a
305 3046 455 3122 crepero.
472 3019 507 3092 id
525 3013 733 3102 vocabulum
746 3009 931 3082 sumserunt
943 3031 962 3079 a
976 3004 1142 3079 Sabineis:
1156 3030 1219 3078 un·

169 3221 174 3230 Ι
247 3127 303 3207 =de
324 3120 650 3220 veniun'ttCrepusci
670 3114 836 3193 nominati
857 3113 1160 3211 Amiterno,quod
1173 3097 1218 3187 do

259 3258 415 3337 tempore
432 3250 526 3309 erant
544 3229 642 3318 nati,
658 3248 698 3300 ut
720 3226 817 3298 Lucii
839 3224 945 3321 prima
967 3222 1044 3296 luce
1064 3223 1099 3295 in
1122 3245 1216 3295 crea·

202 3365 205 3374 '
259 3350 367 3427 tione.
396 3342 635 3440 crepusculum
662 3334 824 3437 fignificat
844 3333 1005 3417 dubium3
1027 3332 1068 3404 ab
1094 3353 1138 3403 eo
1163 3352 1216 3402 res
1285 3341 1288 3352 ⁴
1405 3415 1406 3424 ἵ

260 3450 372 3532 dubiae
401 3453 710 3558 didaeucreperffi
739 3445 833 3543 quod
861 3440 1121 3538 crepusculum,
1145 3436 1216 3512 dies
1404 3439 1406 3456 '

259 3563 444 3646 etiamnum
465 3560 525 3648 fit,
542 3584 585 3630 an
606 3557 671 3652 jam
694 3579 789 3645 nox,
809 3550 943 3626 musteis
963 3545 1111 3622 dubium
1132 3547 1215 3620 Nox
1236 3599 1243 3609 -

257 3675 324 3775 (ut
343 3669 482 3746 catulus
500 3665 570 3764 ait)
589 3665 685 3763 quod
697 3663 833 3750 omnia,
850 3662 909 3734 nisa
926 3656 1130 3732 interveniat
1145 3656 1215 3747 sol,

258 3781 379 3881 pruina
405 3775 622 3879 obriguerint.
648 3773 745 3871 quod
768 3788 897 3860 nocet,
918 3791 1015 3859 nox,
1034 3764 1094 3840 nisi
1120 3765 1214 3865 quod
