<?xml version="1.0" encoding="UTF-8"?>
<!DOCTYPE html PUBLIC "-//W3C//DTD XHTML 1.0 Transitional//EN"
    "http://www.w3.org/TR/xhtml1/DTD/xhtml1-transitional.dtd">
<html xmlns="http://www.w3.org/1999/xhtml" xml:lang="en" lang="en">
 <head>
  <title>
</title>
<meta http-equiv="Content-Type" content="text/html;charset=utf-8" />
  <meta name='ocr-system' content='tesseract 3.04.00' />
  <meta name='ocr-capabilities' content='ocr_page ocr_carea ocr_par ocr_line ocrx_word'/>
</head>
<body>
  <div class='ocr_page' id='page_1' title='image "./mtervarronisdel00bipogoog/mtervarronisdel00bipogoog_0266.png"; bbox 0 0 2834 4567; ppageno 0'>
   <div class='ocr_carea' id='block_1_1' title="bbox 244 297 1110 414">
    <p class='ocr_par' dir='ltr' id='par_1_1' title="bbox 244 297 1211 414">
     <span class='ocr_line' id='line_1_1' title="bbox 244 297 1110 414; baseline -0.007 -1"><span class='ocrx_word' id='word_1_1' title='bbox 244 355 317 414; x_wconf 83' lang='lat'>222</span> <span class='ocrx_word' id='word_1_2' title='bbox 459 337 509 410; x_wconf 81' lang='lat' dir='ltr'>u.</span> <span class='ocrx_word' id='word_1_3' title='bbox 532 297 753 408; x_wconf 71' lang='lat' dir='ltr'>renerum</span> <span class='ocrx_word' id='word_1_4' title='bbox 776 331 1013 410; x_wconf 75' lang='lat' dir='ltr'>vannoms</span> <span class='ocrx_word' id='word_1_5' title='bbox 1107 329 1110 334; x_wconf 68' lang='grc'>“</span> 
     </span>
    </p>
   </div>
   <div class='ocr_carea' id='block_1_2' title="bbox 167 492 1322 3324">
    <p class='ocr_par' dir='ltr' id='par_1_2' title="bbox 167 492 1322 3324">
     <span class='ocr_line' id='line_1_2' title="bbox 203 492 1206 595; baseline -0.001 -25"><span class='ocrx_word' id='word_1_6' title='bbox 203 587 209 594; x_wconf 18' lang='lat'><strong>⁹</strong></span> <span class='ocrx_word' id='word_1_7' title='bbox 246 517 396 595; x_wconf 80' lang='lat' dir='ltr'>ungues,</span> <span class='ocrx_word' id='word_1_8' title='bbox 410 492 572 592; x_wconf 78' lang='lat' dir='ltr'>capillos,</span> <span class='ocrx_word' id='word_1_9' title='bbox 587 495 670 570; x_wconf 82' lang='lat' dir='ltr'>stem</span> <span class='ocrx_word' id='word_1_10' title='bbox 689 493 867 569; x_wconf 89' lang='lat' dir='ltr'>inmundo</span> <span class='ocrx_word' id='word_1_11' title='bbox 888 495 1023 571; x_wconf 84' lang='lat' dir='ltr'>arbores</span> <span class='ocrx_word' id='word_1_12' title='bbox 1043 492 1114 570; x_wconf 84' lang='lat' dir='ltr'>fine</span> <span class='ocrx_word' id='word_1_13' title='bbox 1130 493 1206 570; x_wconf 75' lang='lat' dir='ltr'>&#39;sen-</span> 
     </span>
     <span class='ocr_line' id='line_1_3' title="bbox 246 606 1207 703; baseline -0.001 -21"><span class='ocrx_word' id='word_1_14' title='bbox 246 607 287 683; x_wconf 80' lang='lat' dir='ltr'>su</span> <span class='ocrx_word' id='word_1_15' title='bbox 309 606 467 690; x_wconf 88' lang='lat' dir='ltr'>aluntur,</span> <span class='ocrx_word' id='word_1_16' title='bbox 484 607 521 680; x_wconf 73' lang='grc' dir='ltr'>δι</span> <span class='ocrx_word' id='word_1_17' title='bbox 535 607 716 697; x_wconf 72' lang='lat' dir='ltr'>emicunt,</span> <span class='ocrx_word' id='word_1_18' title='bbox 735 610 772 683; x_wconf 74' lang='grc' dir='ltr'>δι</span> <span class='ocrx_word' id='word_1_19' title='bbox 786 607 893 679; x_wconf 89' lang='lat' dir='ltr'>modo</span> <span class='ocrx_word' id='word_1_20' title='bbox 912 608 1059 703; x_wconf 81' lang='lat' dir='ltr'>quodam</span> <span class='ocrx_word' id='word_1_21' title='bbox 1074 606 1136 681; x_wconf 88' lang='lat' dir='ltr'>suo</span> <span class='ocrx_word' id='word_1_22' title='bbox 1150 607 1207 681; x_wconf 90' lang='lat' dir='ltr'>vi-</span> 
     </span>
     <span class='ocr_line' id='line_1_4' title="bbox 246 703 1277 812; baseline -0.001 -23"><span class='ocrx_word' id='word_1_23' title='bbox 246 736 348 790; x_wconf 80' lang='lat' dir='ltr'>vum.</span> <span class='ocrx_word' id='word_1_24' title='bbox 366 714 555 786; x_wconf 82' lang='lat' dir='ltr'>Secundum</span> <span class='ocrx_word' id='word_1_25' title='bbox 574 715 712 812; x_wconf 86' lang='lat' dir='ltr'>gradum</span> <span class='ocrx_word' id='word_1_26' title='bbox 729 715 850 788; x_wconf 79' lang='lat' dir='ltr'>animae</span> <span class='ocrx_word' id='word_1_27' title='bbox 870 715 971 805; x_wconf 88' lang='lat' dir='ltr'>dicit,</span> <span class='ocrx_word' id='word_1_28' title='bbox 984 714 1018 786; x_wconf 92' lang='lat' dir='ltr'>in</span> <span class='ocrx_word' id='word_1_29' title='bbox 1037 737 1110 812; x_wconf 88' lang='lat' dir='ltr'>quo</span> <span class='ocrx_word' id='word_1_30' title='bbox 1135 717 1208 788; x_wconf 87' lang='lat' dir='ltr'>sen·</span> <span class='ocrx_word' id='word_1_31' title='bbox 1274 703 1277 708; x_wconf 47' lang='grc'>’</span> 
     </span>
     <span class='ocr_line' id='line_1_5' title="bbox 243 820 1322 917; baseline 0.005 -21"><span class='ocrx_word' id='word_1_32' title='bbox 243 822 303 897; x_wconf 72' lang='grc' dir='ltr'>[υς</span> <span class='ocrx_word' id='word_1_33' title='bbox 323 822 489 895; x_wconf 73' lang='lat' dir='ltr'>enflanc</span> <span class='ocrx_word' id='word_1_34' title='bbox 508 820 579 895; x_wconf 88' lang='lat' dir='ltr'>vim</span> <span class='ocrx_word' id='word_1_35' title='bbox 600 822 780 917; x_wconf 81' lang='lat' dir='ltr'>pervenire</span> <span class='ocrx_word' id='word_1_36' title='bbox 803 823 838 895; x_wconf 91' lang='lat' dir='ltr'>in</span> <span class='ocrx_word' id='word_1_37' title='bbox 860 824 1131 917; x_wconf 83' lang='lat' dir='ltr'>oculos,aures‚</span> <span class='ocrx_word' id='word_1_38' title='bbox 1145 850 1208 898; x_wconf 86' lang='lat' dir='ltr'>na·</span> <span class='ocrx_word' id='word_1_39' title='bbox 1317 895 1322 901; x_wconf 87' lang='lat'>.</span> 
     </span>
     <span class='ocr_line' id='line_1_6' title="bbox 247 931 1209 1028; baseline 0.001 -24"><span class='ocrx_word' id='word_1_40' title='bbox 247 955 394 1020; x_wconf 86' lang='lat' dir='ltr'>res‚os,</span> <span class='ocrx_word' id='word_1_41' title='bbox 412 932 545 1005; x_wconf 70' lang='lat' dir='ltr'>talium.</span> <span class='ocrx_word' id='word_1_42' title='bbox 556 932 711 1005; x_wconf 86' lang='lat' dir='ltr'>Tertium</span> <span class='ocrx_word' id='word_1_43' title='bbox 732 931 869 1028; x_wconf 85' lang='lat' dir='ltr'>gradum</span> <span class='ocrx_word' id='word_1_44' title='bbox 889 933 1010 1005; x_wconf 72' lang='lat' dir='ltr'>anima.</span> <span class='ocrx_word' id='word_1_45' title='bbox 1035 933 1101 1006; x_wconf 81' lang='lat' dir='ltr'>effe</span> <span class='ocrx_word' id='word_1_46' title='bbox 1123 934 1209 1005; x_wconf 89' lang='lat' dir='ltr'>sum·</span> 
     </span>
     <span class='ocr_line' id='line_1_7' title="bbox 250 1039 1211 1139; baseline -0.001 -25"><span class='ocrx_word' id='word_1_47' title='bbox 250 1066 365 1129; x_wconf 91' lang='lat' dir='ltr'>mum,</span> <span class='ocrx_word' id='word_1_48' title='bbox 388 1039 448 1137; x_wconf 88' lang='lat' dir='ltr'>qui</span> <span class='ocrx_word' id='word_1_49' title='bbox 470 1059 614 1112; x_wconf 87' lang='lat' dir='ltr'>vocatur</span> <span class='ocrx_word' id='word_1_50' title='bbox 640 1040 806 1125; x_wconf 79' lang='lat' dir='ltr'>Animus,</span> <span class='ocrx_word' id='word_1_51' title='bbox 829 1039 865 1112; x_wconf 92' lang='lat' dir='ltr'>in</span> <span class='ocrx_word' id='word_1_52' title='bbox 891 1064 962 1137; x_wconf 91' lang='lat' dir='ltr'>quo</span> <span class='ocrx_word' id='word_1_53' title='bbox 990 1040 1211 1139; x_wconf 61' lang='lat' dir='ltr'>intelligentia</span> 
     </span>
     <span class='ocr_line' id='line_1_8' title="bbox 248 1147 1212 1248; baseline 0.001 -29"><span class='ocrx_word' id='word_1_54' title='bbox 248 1147 460 1248; x_wconf 75' lang='lat' dir='ltr'>praeminet.</span> <span class='ocrx_word' id='word_1_55' title='bbox 478 1150 555 1220; x_wconf 89' lang='lat' dir='ltr'>Hoc</span> <span class='ocrx_word' id='word_1_56' title='bbox 570 1147 882 1244; x_wconf 80' lang='lat' dir='ltr'>praeterhontinem</span> <span class='ocrx_word' id='word_1_57' title='bbox 903 1173 1021 1225; x_wconf 84' lang='lat' dir='ltr'>omnes</span> <span class='ocrx_word' id='word_1_58' title='bbox 1033 1175 1085 1221; x_wconf 89' lang='lat' dir='ltr'>res</span> <span class='ocrx_word' id='word_1_59' title='bbox 1098 1174 1212 1224; x_wconf 85' lang='lat' dir='ltr'>carere</span> 
     </span>
     <span class='ocr_line' id='line_1_9' title="bbox 167 1250 1211 1352; baseline -0.004 -20"><span class='ocrx_word' id='word_1_60' title='bbox 167 1282 172 1290; x_wconf 90' lang='lat'>·</span> <span class='ocrx_word' id='word_1_61' title='bbox 250 1256 434 1332; x_wconf 84' lang='lat' dir='ltr'>mortales:</span> <span class='ocrx_word' id='word_1_62' title='bbox 450 1256 486 1327; x_wconf 89' lang='lat' dir='ltr'>in</span> <span class='ocrx_word' id='word_1_63' title='bbox 501 1279 572 1352; x_wconf 91' lang='lat' dir='ltr'>quo</span> <span class='ocrx_word' id='word_1_64' title='bbox 592 1250 753 1350; x_wconf 86' lang='lat' dir='ltr'>quoniam</span> <span class='ocrx_word' id='word_1_65' title='bbox 778 1254 934 1327; x_wconf 87' lang='lat' dir='ltr'>homines</span> <span class='ocrx_word' id='word_1_66' title='bbox 954 1257 1116 1330; x_wconf 86' lang='lat' dir='ltr'>videntur</span> <span class='ocrx_word' id='word_1_67' title='bbox 1129 1258 1211 1329; x_wconf 86' lang='lat' dir='ltr'>Deo</span> 
     </span>
     <span class='ocr_line' id='line_1_10' title="bbox 252 1361 1214 1459; baseline -0.004 -21"><span class='ocrx_word' id='word_1_68' title='bbox 252 1361 397 1450; x_wconf 78' lang='lat' dir='ltr'>fimiles,</span> <span class='ocrx_word' id='word_1_69' title='bbox 422 1364 510 1436; x_wconf 89' lang='lat' dir='ltr'>hanc</span> <span class='ocrx_word' id='word_1_70' title='bbox 533 1380 662 1459; x_wconf 89' lang='lat' dir='ltr'>partem</span> <span class='ocrx_word' id='word_1_71' title='bbox 688 1362 808 1434; x_wconf 79' lang='lat' dir='ltr'>attimae</span> <span class='ocrx_word' id='word_1_72' title='bbox 828 1363 945 1436; x_wconf 87' lang='lat' dir='ltr'>mundi</span> <span class='ocrx_word' id='word_1_73' title='bbox 969 1364 1049 1439; x_wconf 88' lang='lat' dir='ltr'>dicit</span> <span class='ocrx_word' id='word_1_74' title='bbox 1074 1366 1214 1452; x_wconf 86' lang='lat' dir='ltr'>Deum,</span> 
     </span>
     <span class='ocr_line' id='line_1_11' title="bbox 253 1468 1214 1567; baseline -0.002 -24"><span class='ocrx_word' id='word_1_75' title='bbox 253 1471 291 1544; x_wconf 87' lang='lat' dir='ltr'>in</span> <span class='ocrx_word' id='word_1_76' title='bbox 310 1468 411 1542; x_wconf 82' lang='lat' dir='ltr'>nobis</span> <span class='ocrx_word' id='word_1_77' title='bbox 430 1488 541 1542; x_wconf 85' lang='lat' dir='ltr'>autent</span> <span class='ocrx_word' id='word_1_78' title='bbox 556 1469 704 1542; x_wconf 84' lang='lat' dir='ltr'>Genium</span> <span class='ocrx_word' id='word_1_79' title='bbox 719 1469 851 1542; x_wconf 82' lang='lat' dir='ltr'>vocari.</span> <span class='ocrx_word' id='word_1_80' title='bbox 872 1469 927 1542; x_wconf 85' lang='lat' dir='ltr'>Sic</span> <span class='ocrx_word' id='word_1_81' title='bbox 940 1493 1022 1567; x_wconf 83' lang='lat' dir='ltr'>ergo</span> <span class='ocrx_word' id='word_1_82' title='bbox 1036 1474 1073 1547; x_wconf 75' lang='grc' dir='ltr'>δι</span> <span class='ocrx_word' id='word_1_83' title='bbox 1087 1471 1124 1542; x_wconf 77' lang='lat' dir='ltr'>in</span> <span class='ocrx_word' id='word_1_84' title='bbox 1138 1472 1214 1543; x_wconf 90' lang='lat' dir='ltr'>ani·</span> 
     </span>
     <span class='ocr_line' id='line_1_12' title="bbox 253 1575 1214 1679; baseline 0 -26"><span class='ocrx_word' id='word_1_85' title='bbox 253 1604 311 1653; x_wconf 89' lang='lat' dir='ltr'>ma</span> <span class='ocrx_word' id='word_1_86' title='bbox 337 1578 453 1651; x_wconf 85' lang='lat' dir='ltr'>mundi</span> <span class='ocrx_word' id='word_1_87' title='bbox 481 1593 549 1651; x_wconf 85' lang='lat' dir='ltr'>tres</span> <span class='ocrx_word' id='word_1_88' title='bbox 578 1579 700 1677; x_wconf 84' lang='lat' dir='ltr'>gradus</span> <span class='ocrx_word' id='word_1_89' title='bbox 727 1575 926 1668; x_wconf 82' lang='lat' dir='ltr'>instituens,</span> <span class='ocrx_word' id='word_1_90' title='bbox 952 1605 1054 1653; x_wconf 90' lang='lat' dir='ltr'>unam</span> <span class='ocrx_word' id='word_1_91' title='bbox 1081 1599 1214 1679; x_wconf 84' lang='lat' dir='ltr'>partem</span> 
     </span>
     <span class='ocr_line' id='line_1_13' title="bbox 256 1688 1216 1790; baseline 0 -26"><span class='ocrx_word' id='word_1_92' title='bbox 256 1688 327 1786; x_wconf 85' lang='lat' dir='ltr'>ejus</span> <span class='ocrx_word' id='word_1_93' title='bbox 348 1690 474 1788; x_wconf 88' lang='lat' dir='ltr'>lapides</span> <span class='ocrx_word' id='word_1_94' title='bbox 498 1689 562 1764; x_wconf 84' lang='lat' dir='ltr'>elle</span> <span class='ocrx_word' id='word_1_95' title='bbox 583 1690 691 1781; x_wconf 89' lang='lat' dir='ltr'>dicit,</span> <span class='ocrx_word' id='word_1_96' title='bbox 712 1715 752 1765; x_wconf 85' lang='lat' dir='ltr'>ac</span> <span class='ocrx_word' id='word_1_97' title='bbox 775 1690 889 1790; x_wconf 85' lang='lat' dir='ltr'>ligna,</span> <span class='ocrx_word' id='word_1_98' title='bbox 909 1693 948 1765; x_wconf 88' lang='lat'>&amp;</span> <span class='ocrx_word' id='word_1_99' title='bbox 973 1691 1216 1782; x_wconf 79' lang='lat' dir='ltr'>hanc-terram,</span> 
     </span>
     <span class='ocr_line' id='line_1_14' title="bbox 257 1791 1216 1904; baseline 0 -28"><span class='ocrx_word' id='word_1_100' title='bbox 257 1831 358 1904; x_wconf 90' lang='lat' dir='ltr'>quam</span> <span class='ocrx_word' id='word_1_101' title='bbox 382 1791 557 1892; x_wconf 85' lang='lat' dir='ltr'>videmus,</span> <span class='ocrx_word' id='word_1_102' title='bbox 572 1827 643 1900; x_wconf 92' lang='lat' dir='ltr'>quo</span> <span class='ocrx_word' id='word_1_103' title='bbox 670 1827 743 1875; x_wconf 90' lang='lat' dir='ltr'>non</span> <span class='ocrx_word' id='word_1_104' title='bbox 769 1825 942 1898; x_wconf 84' lang='lat' dir='ltr'>permanat</span> <span class='ocrx_word' id='word_1_105' title='bbox 962 1803 1096 1878; x_wconf 85' lang='lat' dir='ltr'>sensus:</span> <span class='ocrx_word' id='word_1_106' title='bbox 1117 1805 1216 1877; x_wconf 92' lang='lat' dir='ltr'>aliam</span> 
     </span>
     <span class='ocr_line' id='line_1_15' title="bbox 257 1909 1217 2010; baseline -0.006 -20"><span class='ocrx_word' id='word_1_107' title='bbox 257 1931 365 2003; x_wconf 87' lang='lat' dir='ltr'>vero,</span> <span class='ocrx_word' id='word_1_108' title='bbox 378 1937 478 2010; x_wconf 84' lang='lat' dir='ltr'>quarn</span> <span class='ocrx_word' id='word_1_109' title='bbox 499 1912 628 1984; x_wconf 86' lang='lat' dir='ltr'>sensum</span> <span class='ocrx_word' id='word_1_110' title='bbox 641 1927 745 1983; x_wconf 86' lang='lat' dir='ltr'>vocat</span> <span class='ocrx_word' id='word_1_111' title='bbox 762 1909 853 2001; x_wconf 82' lang='lat' dir='ltr'>ejus,</span> <span class='ocrx_word' id='word_1_112' title='bbox 867 1929 904 1980; x_wconf 90' lang='lat' dir='ltr'>ut</span> <span class='ocrx_word' id='word_1_113' title='bbox 921 1912 1042 1990; x_wconf 79' lang='lat' dir='ltr'>aetltera</span> <span class='ocrx_word' id='word_1_114' title='bbox 1057 1938 1066 1981; x_wconf 76' lang='grc' dir='ltr'><strong>ι</strong></span> <span class='ocrx_word' id='word_1_115' title='bbox 1084 1913 1217 1984; x_wconf 81' lang='lat' dir='ltr'>tertiani</span> 
     </span>
     <span class='ocr_line' id='line_1_16' title="bbox 257 2016 1216 2124; baseline -0.006 -27"><span class='ocrx_word' id='word_1_116' title='bbox 257 2049 385 2124; x_wconf 85' lang='lat' dir='ltr'>porro,</span> <span class='ocrx_word' id='word_1_117' title='bbox 401 2047 502 2120; x_wconf 88' lang='lat' dir='ltr'>quam</span> <span class='ocrx_word' id='word_1_118' title='bbox 520 2020 712 2094; x_wconf 89' lang='lat' dir='ltr'>&amp;animam</span> <span class='ocrx_word' id='word_1_119' title='bbox 729 2016 800 2110; x_wconf 82' lang='lat' dir='ltr'>ejus</span> <span class='ocrx_word' id='word_1_120' title='bbox 817 2038 1010 2111; x_wconf 89' lang='lat' dir='ltr'>nuncupat,</span> <span class='ocrx_word' id='word_1_121' title='bbox 1027 2042 1104 2113; x_wconf 75' lang='lat' dir='ltr'>quat</span> <span class='ocrx_word' id='word_1_122' title='bbox 1126 2018 1216 2093; x_wconf 89' lang='lat' dir='ltr'>scili·</span> 
     </span>
     <span class='ocr_line' id='line_1_17' title="bbox 259 2126 1217 2228; baseline -0.008 -19"><span class='ocrx_word' id='word_1_123' title='bbox 259 2154 314 2210; x_wconf 89' lang='lat' dir='ltr'>cet</span> <span class='ocrx_word' id='word_1_124' title='bbox 339 2131 496 2228; x_wconf 88' lang='lat' dir='ltr'>pervenit</span> <span class='ocrx_word' id='word_1_125' title='bbox 520 2129 556 2202; x_wconf 93' lang='lat' dir='ltr'>in</span> <span class='ocrx_word' id='word_1_126' title='bbox 585 2128 679 2201; x_wconf 82' lang='lat' dir='ltr'>astra.</span> <span class='ocrx_word' id='word_1_127' title='bbox 701 2128 784 2200; x_wconf 88' lang='lat' dir='ltr'>Eam</span> <span class='ocrx_word' id='word_1_128' title='bbox 810 2151 949 2226; x_wconf 86' lang='lat' dir='ltr'>quoque</span> <span class='ocrx_word' id='word_1_129' title='bbox 977 2126 1082 2200; x_wconf 83' lang='lat' dir='ltr'>allerit</span> <span class='ocrx_word' id='word_1_130' title='bbox 1107 2129 1217 2202; x_wconf 87' lang='lat' dir='ltr'>facere</span> 
     </span>
     <span class='ocr_line' id='line_1_18' title="bbox 207 2237 1217 2334; baseline -0.007 -17"><span class='ocrx_word' id='word_1_131' title='bbox 207 2239 214 2248; x_wconf 78' lang='grc'>’</span> <span class='ocrx_word' id='word_1_132' title='bbox 260 2246 381 2327; x_wconf 86' lang='lat' dir='ltr'>Deos,</span> <span class='ocrx_word' id='word_1_133' title='bbox 402 2240 439 2312; x_wconf 77' lang='grc' dir='ltr'>δι</span> <span class='ocrx_word' id='word_1_134' title='bbox 463 2262 521 2333; x_wconf 90' lang='lat' dir='ltr'>per</span> <span class='ocrx_word' id='word_1_135' title='bbox 544 2260 641 2325; x_wconf 88' lang='lat' dir='ltr'>eam,</span> <span class='ocrx_word' id='word_1_136' title='bbox 659 2237 798 2334; x_wconf 91' lang='lat' dir='ltr'>quando</span> <span class='ocrx_word' id='word_1_137' title='bbox 820 2237 855 2309; x_wconf 93' lang='lat' dir='ltr'>in</span> <span class='ocrx_word' id='word_1_138' title='bbox 878 2253 999 2328; x_wconf 85' lang='lat' dir='ltr'>terram</span> <span class='ocrx_word' id='word_1_139' title='bbox 1027 2257 1217 2333; x_wconf 83' lang='lat' dir='ltr'>permanat,</span> 
     </span>
     <span class='ocr_line' id='line_1_19' title="bbox 172 2346 1218 2445; baseline -0.008 -18"><span class='ocrx_word' id='word_1_140' title='bbox 172 2380 174 2385; x_wconf 89' lang='lat'>·</span> <span class='ocrx_word' id='word_1_141' title='bbox 260 2354 371 2427; x_wconf 86' lang='lat' dir='ltr'>Deam</span> <span class='ocrx_word' id='word_1_142' title='bbox 397 2348 597 2420; x_wconf 83' lang='lat' dir='ltr'>Tellurem:</span> <span class='ocrx_word' id='word_1_143' title='bbox 625 2348 721 2444; x_wconf 89' lang='lat' dir='ltr'>quod</span> <span class='ocrx_word' id='word_1_144' title='bbox 748 2364 859 2422; x_wconf 87' lang='lat' dir='ltr'>autem</span> <span class='ocrx_word' id='word_1_145' title='bbox 884 2346 962 2420; x_wconf 90' lang='lat' dir='ltr'>inde</span> <span class='ocrx_word' id='word_1_146' title='bbox 983 2367 1159 2445; x_wconf 69' lang='lat' dir='ltr'>‘permanat</span> <span class='ocrx_word' id='word_1_147' title='bbox 1181 2348 1218 2420; x_wconf 88' lang='lat' dir='ltr'>in</span> 
     </span>
     <span class='ocr_line' id='line_1_20' title="bbox 261 2443 1220 2554; baseline -0.003 -21"><span class='ocrx_word' id='word_1_148' title='bbox 261 2486 353 2536; x_wconf 87' lang='lat' dir='ltr'>mare</span> <span class='ocrx_word' id='word_1_149' title='bbox 377 2478 476 2554; x_wconf 84' lang='lat' dir='ltr'>atque</span> <span class='ocrx_word' id='word_1_150' title='bbox 494 2457 692 2545; x_wconf 77' lang='lat' dir='ltr'>Oceanum,</span> <span class='ocrx_word' id='word_1_151' title='bbox 709 2443 822 2529; x_wconf 76' lang='lat' dir='ltr'>Deum</span> <span class='ocrx_word' id='word_1_152' title='bbox 840 2456 904 2531; x_wconf 86' lang='lat' dir='ltr'>elle</span> <span class='ocrx_word' id='word_1_153' title='bbox 922 2460 1130 2554; x_wconf 87' lang='lat' dir='ltr'>Neptunum.</span> <span class='ocrx_word' id='word_1_154' title='bbox 1144 2467 1220 2531; x_wconf 83' lang='lat' dir='ltr'>Au·</span> 
     </span>
     <span class='ocr_line' id='line_1_21' title="bbox 263 2569 994 2673; baseline -0.004 -29"><span class='ocrx_word' id='word_1_155' title='bbox 263 2574 340 2673; x_wconf 72' lang='lat' dir='ltr'>gast.</span> <span class='ocrx_word' id='word_1_156' title='bbox 361 2573 417 2646; x_wconf 80' lang='lat' dir='ltr'>lib.</span> <span class='ocrx_word' id='word_1_157' title='bbox 440 2573 512 2641; x_wconf 87' lang='lat' dir='ltr'>Vll</span> <span class='ocrx_word' id='word_1_158' title='bbox 529 2572 569 2640; x_wconf 82' lang='lat' dir='ltr'>de</span> <span class='ocrx_word' id='word_1_159' title='bbox 589 2571 686 2639; x_wconf 79' lang='lat' dir='ltr'>Civit.</span> <span class='ocrx_word' id='word_1_160' title='bbox 706 2569 786 2640; x_wconf 81' lang='lat' dir='ltr'>Dei.</span> <span class='ocrx_word' id='word_1_161' title='bbox 809 2592 879 2662; x_wconf 83' lang='lat' dir='ltr'>cap.</span> <span class='ocrx_word' id='word_1_162' title='bbox 897 2596 945 2667; x_wconf 76' lang='lat'>23·</span> <span class='ocrx_word' id='word_1_163' title='bbox 987 2627 994 2665; x_wconf 72' lang='lat'>,</span> 
     </span>
     <span class='ocr_line' id='line_1_22' title="bbox 174 2674 1223 2774; baseline -0.005 -20"><span class='ocrx_word' id='word_1_164' title='bbox 174 2751 178 2762; x_wconf 91' lang='grc'>,</span> <span class='ocrx_word' id='word_1_165' title='bbox 311 2677 391 2753; x_wconf 83' lang='lat' dir='ltr'>Diis</span> <span class='ocrx_word' id='word_1_166' title='bbox 412 2677 607 2774; x_wconf 85' lang='lat' dir='ltr'>quibusdam</span> <span class='ocrx_word' id='word_1_167' title='bbox 627 2674 800 2771; x_wconf 82' lang='lat' dir='ltr'>patribus,</span> <span class='ocrx_word' id='word_1_168' title='bbox 817 2677 855 2750; x_wconf 88' lang='lat'>&amp;</span> <span class='ocrx_word' id='word_1_169' title='bbox 874 2677 1012 2749; x_wconf 85' lang='lat' dir='ltr'>Deabus</span> <span class='ocrx_word' id='word_1_170' title='bbox 1033 2676 1223 2765; x_wconf 84' lang='lat' dir='ltr'>matribus,</span> 
     </span>
     <span class='ocr_line' id='line_1_23' title="bbox 173 2782 1180 2884; baseline -0.004 -22"><span class='ocrx_word' id='word_1_171' title='bbox 173 2782 177 2805; x_wconf 80' lang='lat'>&#39;</span> <span class='ocrx_word' id='word_1_172' title='bbox 264 2788 347 2862; x_wconf 86' lang='lat' dir='ltr'>srcur</span> <span class='ocrx_word' id='word_1_173' title='bbox 369 2785 583 2876; x_wconf 84' lang='lat' dir='ltr'>hominibus,</span> <span class='ocrx_word' id='word_1_174' title='bbox 604 2785 849 2884; x_wconf 83' lang='lat' dir='ltr'>ignobilitatem</span> <span class='ocrx_word' id='word_1_175' title='bbox 869 2785 1031 2861; x_wconf 78' lang='lat' dir='ltr'>accidisse.</span> <span class='ocrx_word' id='word_1_176' title='bbox 1050 2814 1117 2880; x_wconf 78' lang='lat' dir='ltr'>cap.</span> <span class='ocrx_word' id='word_1_177' title='bbox 1129 2815 1180 2884; x_wconf 83' lang='lat'>3.-</span> 
     </span>
     <span class='ocr_line' id='line_1_24' title="bbox 314 2894 1223 2994; baseline -0.003 -24"><span class='ocrx_word' id='word_1_178' title='bbox 314 2896 486 2994; x_wconf 81' lang='lat' dir='ltr'>Antiquos</span> <span class='ocrx_word' id='word_1_179' title='bbox 506 2894 679 2969; x_wconf 81' lang='lat' dir='ltr'>sunulacra</span> <span class='ocrx_word' id='word_1_180' title='bbox 696 2896 879 2986; x_wconf 84' lang='lat' dir='ltr'>Deorum,</span> <span class='ocrx_word' id='word_1_181' title='bbox 897 2897 934 2969; x_wconf 79' lang='grc' dir='ltr'>δι</span> <span class='ocrx_word' id='word_1_182' title='bbox 956 2894 1094 2993; x_wconf 85' lang='lat' dir='ltr'>infignia</span> <span class='ocrx_word' id='word_1_183' title='bbox 1119 2919 1223 2978; x_wconf 87' lang='lat' dir='ltr'>orna·</span> 
     </span>
     <span class='ocr_line' id='line_1_25' title="bbox 186 3003 1224 3107; baseline -0.007 -24"><span class='ocrx_word' id='word_1_184' title='bbox 186 3051 189 3058; x_wconf 61' lang='lat'><strong>&gt;</strong></span> <span class='ocrx_word' id='word_1_185' title='bbox 265 3009 383 3107; x_wconf 82' lang='lat' dir='ltr'>rusque</span> <span class='ocrx_word' id='word_1_186' title='bbox 403 3004 623 3090; x_wconf 82' lang='lat' dir='ltr'>confinxille,</span> <span class='ocrx_word' id='word_1_187' title='bbox 644 3030 720 3101; x_wconf 79' lang='lat' dir='ltr'>quae</span> <span class='ocrx_word' id='word_1_188' title='bbox 742 3031 818 3078; x_wconf 82' lang='lat' dir='ltr'>rum</span> <span class='ocrx_word' id='word_1_189' title='bbox 841 3005 950 3079; x_wconf 85' lang='lat' dir='ltr'>oeulis</span> <span class='ocrx_word' id='word_1_190' title='bbox 967 3003 1224 3077; x_wconf 82' lang='lat' dir='ltr'>animaduertis-</span> 
     </span>
     <span class='ocr_line' id='line_1_26' title="bbox 267 3114 1229 3217; baseline -0.007 -24"><span class='ocrx_word' id='word_1_191' title='bbox 267 3120 338 3193; x_wconf 87' lang='lat' dir='ltr'>sent</span> <span class='ocrx_word' id='word_1_192' title='bbox 367 3116 429 3208; x_wconf 86' lang='lat' dir='ltr'>hi,</span> <span class='ocrx_word' id='word_1_193' title='bbox 448 3118 506 3217; x_wconf 90' lang='lat' dir='ltr'>qui</span> <span class='ocrx_word' id='word_1_194' title='bbox 529 3116 667 3190; x_wconf 86' lang='lat' dir='ltr'>adillent</span> <span class='ocrx_word' id='word_1_195' title='bbox 694 3116 856 3188; x_wconf 69' lang='lat' dir='ltr'>dollrinae</span> <span class='ocrx_word' id='word_1_196' title='bbox 887 3114 1068 3214; x_wconf 83' lang='lat' dir='ltr'>mysteria,</span> <span class='ocrx_word' id='word_1_197' title='bbox 1094 3114 1229 3211; x_wconf 78' lang='lat' dir='ltr'>pollent</span> 
     </span>
     <span class='ocr_line' id='line_1_27' title="bbox 176 3223 1226 3324; baseline -0.008 -20"><span class='ocrx_word' id='word_1_198' title='bbox 176 3229 183 3242; x_wconf 91' lang='lat'>&#39;</span> <span class='ocrx_word' id='word_1_199' title='bbox 268 3231 414 3304; x_wconf 84' lang='lat' dir='ltr'>animam</span> <span class='ocrx_word' id='word_1_200' title='bbox 434 3226 552 3302; x_wconf 89' lang='lat' dir='ltr'>mundi</span> <span class='ocrx_word' id='word_1_201' title='bbox 566 3251 605 3300; x_wconf 84' lang='lat' dir='ltr'>ae</span> <span class='ocrx_word' id='word_1_202' title='bbox 628 3245 737 3324; x_wconf 87' lang='lat' dir='ltr'>partes</span> <span class='ocrx_word' id='word_1_203' title='bbox 751 3223 897 3319; x_wconf 79' lang='lat' dir='ltr'>ejus,-id</span> <span class='ocrx_word' id='word_1_204' title='bbox 916 3224 984 3316; x_wconf 83' lang='lat' dir='ltr'>est,</span> <span class='ocrx_word' id='word_1_205' title='bbox 1005 3226 1103 3298; x_wconf 83' lang='lat' dir='ltr'>Deos</span> <span class='ocrx_word' id='word_1_206' title='bbox 1124 3247 1226 3296; x_wconf 84' lang='lat' dir='ltr'>veros</span> 
     </span>
    </p>
   </div>
   <div class='ocr_carea' id='block_1_3' title="bbox 269 3331 1348 3433">
    <p class='ocr_par' dir='ltr' id='par_1_3' title="bbox 269 3331 1348 3433">
     <span class='ocr_line' id='line_1_28' title="bbox 269 3331 1348 3433; baseline -0.009 -21"><span class='ocrx_word' id='word_1_207' title='bbox 269 3339 386 3412; x_wconf 84' lang='lat' dir='ltr'>animo</span> <span class='ocrx_word' id='word_1_208' title='bbox 410 3337 704 3433; x_wconf 80' lang='lat' dir='ltr'>vidererquorum</span> <span class='ocrx_word' id='word_1_209' title='bbox 719 3335 778 3433; x_wconf 86' lang='lat' dir='ltr'>qui</span> <span class='ocrx_word' id='word_1_210' title='bbox 799 3335 969 3410; x_wconf 79' lang='lat' dir='ltr'>fimutacra</span> <span class='ocrx_word' id='word_1_211' title='bbox 987 3333 1094 3429; x_wconf 85' lang='lat' dir='ltr'>specie</span> <span class='ocrx_word' id='word_1_212' title='bbox 1117 3331 1226 3405; x_wconf 89' lang='lat' dir='ltr'>homi·</span> <span class='ocrx_word' id='word_1_213' title='bbox 1274 3381 1282 3394; x_wconf 79' lang='lat'><em>·</em></span> <span class='ocrx_word' id='word_1_214' title='bbox 1345 3353 1348 3360; x_wconf 56' lang='lat'><em>⁴</em></span> 
     </span>
    </p>
   </div>
   <div class='ocr_carea' id='block_1_4' title="bbox 167 3443 1248 3876">
    <p class='ocr_par' dir='ltr' id='par_1_4' title="bbox 269 3443 1248 3546">
     <span class='ocr_line' id='line_1_29' title="bbox 269 3443 1248 3546; baseline -0.005 -26"><span class='ocrx_word' id='word_1_215' title='bbox 269 3448 324 3521; x_wconf 89' lang='lat' dir='ltr'>nis</span> <span class='ocrx_word' id='word_1_216' title='bbox 348 3443 520 3536; x_wconf 86' lang='lat' dir='ltr'>fecerunt,</span> <span class='ocrx_word' id='word_1_217' title='bbox 535 3447 604 3520; x_wconf 84' lang='lat' dir='ltr'>hoc</span> <span class='ocrx_word' id='word_1_218' title='bbox 621 3445 731 3519; x_wconf 84' lang='lat' dir='ltr'>videri</span> <span class='ocrx_word' id='word_1_219' title='bbox 749 3445 899 3538; x_wconf 85' lang='lat' dir='ltr'>securos,</span> <span class='ocrx_word' id='word_1_220' title='bbox 921 3447 1014 3546; x_wconf 90' lang='lat' dir='ltr'>quod</span> <span class='ocrx_word' id='word_1_221' title='bbox 1033 3443 1248 3542; x_wconf 59' lang='lat' dir='ltr'>mortaliumx</span> 
     </span>
    </p>

    <p class='ocr_par' dir='ltr' id='par_1_5' title="bbox 177 3549 1229 3770">
     <span class='ocr_line' id='line_1_30' title="bbox 177 3549 1229 3656; baseline -0.012 -20"><span class='ocrx_word' id='word_1_222' title='bbox 177 3598 180 3604; x_wconf 92' lang='lat'>·</span> <span class='ocrx_word' id='word_1_223' title='bbox 271 3560 424 3649; x_wconf 86' lang='lat' dir='ltr'>animus,</span> <span class='ocrx_word' id='word_1_224' title='bbox 437 3557 552 3656; x_wconf 78' lang='lat' dir='ltr'>quieti</span> <span class='ocrx_word' id='word_1_225' title='bbox 572 3558 607 3631; x_wconf 90' lang='lat' dir='ltr'>in</span> <span class='ocrx_word' id='word_1_226' title='bbox 625 3580 783 3654; x_wconf 86' lang='lat' dir='ltr'>corpore·</span> <span class='ocrx_word' id='word_1_227' title='bbox 793 3556 962 3643; x_wconf 89' lang='lat' dir='ltr'>humano,</span> <span class='ocrx_word' id='word_1_228' title='bbox 981 3551 1167 3624; x_wconf 71' lang='lat' dir='ltr'>simillimus</span> <span class='ocrx_word' id='word_1_229' title='bbox 1180 3549 1229 3623; x_wconf 89' lang='lat' dir='ltr'>est</span> 
     </span>
     <span class='ocr_line' id='line_1_31' title="bbox 272 3668 1229 3770; baseline -0.009 -26"><span class='ocrx_word' id='word_1_230' title='bbox 272 3670 473 3746; x_wconf 81' lang='lat' dir='ltr'>immortalis</span> <span class='ocrx_word' id='word_1_231' title='bbox 486 3668 904 3770; x_wconf 46' lang='lat' dir='ltr'>animi&#39;gtanquamfivasa</span> <span class='ocrx_word' id='word_1_232' title='bbox 925 3685 1131 3762; x_wconf 89' lang='lat' dir='ltr'>ponerentur</span> <span class='ocrx_word' id='word_1_233' title='bbox 1151 3687 1229 3735; x_wconf 90' lang='lat' dir='ltr'>cau·</span> 
     </span>
    </p>

    <p class='ocr_par' dir='ltr' id='par_1_6' title="bbox 167 3767 1228 3876">
     <span class='ocr_line' id='line_1_32' title="bbox 167 3767 1228 3876; baseline 0.005 -20"><span class='ocrx_word' id='word_1_234' title='bbox 167 3767 172 3776; x_wconf 68' lang='grc'><strong><em>’</em></strong></span> <span class='ocrx_word' id='word_1_235' title='bbox 272 3782 305 3865; x_wconf 79' lang='lat' dir='ltr'>sa</span> <span class='ocrx_word' id='word_1_236' title='bbox 325 3781 549 3859; x_wconf 86' lang='lat' dir='ltr'>notandorum</span> <span class='ocrx_word' id='word_1_237' title='bbox 568 3783 752 3876; x_wconf 87' lang='lat' dir='ltr'>Deorum,</span> <span class='ocrx_word' id='word_1_238' title='bbox 773 3783 810 3859; x_wconf 75' lang='grc' dir='ltr'>δι</span> <span class='ocrx_word' id='word_1_239' title='bbox 831 3783 869 3859; x_wconf 84' lang='lat' dir='ltr'>in</span> <span class='ocrx_word' id='word_1_240' title='bbox 890 3777 1005 3859; x_wconf 82' lang='lat' dir='ltr'>Liberi</span> <span class='ocrx_word' id='word_1_241' title='bbox 1025 3777 1096 3852; x_wconf 76' lang='lat' dir='ltr'>ade</span> <span class='ocrx_word' id='word_1_242' title='bbox 1113 3775 1228 3861; x_wconf 67' lang='lat' dir='ltr'>&lt;Error</span> 
     </span>
    </p>
   </div>
   <div class='ocr_carea' id='block_1_5' title="bbox 0 0 1458 4567">
    <p class='ocr_par' dir='ltr' id='par_1_7' title="bbox 0 0 1458 4567">
     <span class='ocr_line' id='line_1_33' title="bbox 0 0 1458 4567; baseline 0 0"><span class='ocrx_word' id='word_1_243' title='bbox 0 0 1458 4567; x_wconf 95' lang='lat' dir='ltr'> </span> 
     </span>
    </p>
   </div>
  </div>
 </body>
</html>
