2834 4567
198 307 200 312 ’
294 375 362 444 242
485 351 534 420 Μ.
559 345 775 419 suasuris
802 344 1039 417 vnuuours

289 509 383 587 cerni
399 509 509 580 solent
521 504 619 578 farris
639 503 832 584 femineae
840 463 981 589 dicere,
998 502 1031 576 se
1050 528 1089 577 ea
1106 505 1249 596 Februa·

287 645 348 705 te,
361 618 396 690 id
409 615 474 704 est,
488 637 570 711 puta
582 610 703 686 facere.
716 615 869 699 Nonius,
884 614 1033 706 Februare
1040 641 1100 708 pro
1108 642 1252 711 purgare.

338 727 447 799 Etiam
477 722 581 819 pelles
605 719 769 807 bubulas,
795 719 876 791 oleo
902 718 1049 815 perfusas
1074 745 1249 816 percurre·
1316 765 1320 772 ·

287 837 393 922 bant,
416 832 532 928 ibique
555 829 770 904 cernuabant.
790 852 809 900 a
837 851 909 925 quo
934 828 992 902 ille
1012 827 1126 902 versus
1150 852 1249 904 vetus

287 948 336 1020 est
357 945 391 1016 in
413 939 719 1016 carminibusssibi
731 939 868 1039 pastores
886 943 980 1010 ludos
988 940 1120 1030 faciunt
1132 944 1251 1014 ·cemui.
1293 971 1304 1044 ς·

290 1056 475 1150 Consualia.
497 1052 647 1135 Nonius,
665 1053 827 1135 cernuus,
850 1049 1033 1121 inclinatus.

337 1165 481 1245 Ludius,
504 1158 599 1254 quod
618 1156 705 1228 ludis
722 1155 818 1251 pueri
837 1153 1048 1249 praesultores
1066 1157 1170 1231 essent
1182 1156 1249 1254 gla-

286 1275 395 1349 briae
419 1268 545 1362 depiles
572 1282 887 1362 promerentem,
909 1289 996 1362 quos
1017 1266 1148 1365 antiqui
1173 1268 1273 1340 Rov

287 1382 377 1457 mani
401 1377 532 1478 Lydios
551 1372 774 1470 appellabant.
796 1373 947 1460 Nonius,
967 1378 1097 1448 ludius.

335 1489 490 1559 Minores
512 1504 593 1556 natu
622 1480 732 1578 capite
755 1498 875 1577 aperto
900 1501 1013 1570 erant,
1034 1481 1160 1579 capillo
1188 1506 1250 1580 pe·

285 1627 356 1688 xo,
379 1598 536 1692 vittisque
553 1593 688 1668 innexis
704 1591 916 1667 criminibus.
933 1598 1019 1667 Non.
1033 1598 1070 1666 in
1090 1607 1249 1690 Apcrrrun.

167 1761 176 1770 -
216 1797 218 1802 ¹
335 1712 425 1783 Cum
440 1707 565 1780 interea
581 1704 792 1779 lucubrando
806 1702 931 1776 faceret
946 1702 1038 1799 juxta
1051 1694 1186 1780 ancillas
1198 1705 1248 1779 la·

285 1845 375 1895 naut.
393 1821 540 1909 Nonius,
553 1819 659 1890 Juxta
670 1869 681 1903 ,
694 1814 897 1904 conjunssinr.

659 1936 687 2004 L
712 1937 735 2005 1*
752 1936 788 2004 Β.
826 1935 841 2003 Ι
853 1935 879 2006 Ι.

752 2045 773 2080 ἦ

266 2195 268 2200 <
331 2145 449 2237 ltaque
468 2157 607 2234 propter
627 2160 744 2209 curam
767 2135 864 2209 locus
880 2157 1039 2233 quoque,
1061 2159 1132 2232 quo
1155 2138 1246 2212 suam

282 2252 425 2352 quisque
444 2252 587 2323 Senator
607 2246 763 2340 confert,
783 2246 875 2323 curia
896 2248 1094 2346 appellatur.
1117 2253 1246 2325 Nonius

283 2366 321 2435 in
349 2364 455 2433 Curia.
504 2359 506 2366 '

341 2469 450 2564 Quod
468 2467 570 2541 iidem
595 2465 794 2540 dicebantur
815 2465 982 2542 Consules
1003 2471 1041 2543 dt
1062 2468 1244 2543 Pretores:

282 2582 380 2680 quod
404 2579 563 2676 praeirent
582 2576 739 2674 populo,
760 2576 946 2652 Praetores:
969 2578 1063 2675 quod
1088 2576 1245 2652 consule·

281 2709 358 2765 rent
377 2693 556 2777 Senatum,
576 2687 755 2761 Consules.
777 2693 925 2779 Nonius,
947 2689 1109 2786 Consules.

344 2804 458 2895 ltaque
483 2799 580 2895 quod
600 2800 664 2871 bos
687 2798 835 2873 arbitros
863 2800 1074 2874 inslituerunt
1099 2797 1244 2897 populi,

282 2910 449 2986 Censores
467 2908 692 3004 appellarunt:
712 2909 803 2982 idem
820 2903 1021 2984 enirn‘valer
1040 2907 1186 2982 Censere
1206 2913 1244 2985 dc

198 3025 201 3040 '
260 3009 263 3019 ¹
282 3019 447 3097 arbitrari.
474 3024 622 3111 Nonius,
644 3025 776 3114 Censcre.

260 3217 261 3220 Ἴ
332 3133 446 3227 ltaque
462 3128 626 3201 Kalendis
646 3130 862 3218 causantur,
885 3127 921 3201 id
940 3126 986 3202 en
1005 3128 1242 3217 vocabantur,

258 3233 259 3236 '
281 3242 321 3312 dt
345 3239 387 3310 ab
409 3262 462 3311 eo-
477 3237 651 3313 Kalendae.
676 3244 817 3333 Nonius,
833 3242 998 3320 Kolenda.
1008 3240 1071 3334 sed
1096 3237 1184 3330 refert
1199 3233 1244 3308 ad

279 3355 393 3426 librum
408 3356 635 3445 procedentem.

339 3461 428 3531 Cum
451 3459 486 3532 in
507 3463 666 3558 quintum
700 3461 837 3560 gradum
871 3475 1119 3558 pervenerant,
1142 3478 1241 3557 atque

280 3567 448 3640 habebant
471 3567 637 3666 sexaginta
666 3594 801 3659 annos,
824 3588 896 3641 turn
924 3567 1073 3664 denique
1102 3585 1197 3639 erant
1220 3590 1240 3639 a

279 3676 425 3775 publicis
448 3678 593 3775 negotiis
619 3677 718 3750 liberi
738 3696 838 3773 atque
864 3674 975 3750 otiosi.
992 3677 1073 3746 ldeo
1100 3674 1137 3746 in
1160 3697 1240 3767 pro·

278 3784 434 3862 verbiurn
445 3784 582 3885 quidam
596 3805 713 3884 putant
729 3783 873 3878 venisse,
889 3805 925 3861 ut
946 3785 1136 3879 diceretur,
1153 3782 1237 3857 Sex·
1330 3835 1334 3866 ,
