2834 4567
303 415 369 489 Dr
392 414 565 488 rmum
590 411 765 485 mrum
791 412 870 484 uu.
895 413 984 485 viu.
1060 435 1125 504 ¹49

169 574 313 650 atttffis
333 576 436 673 usque
460 575 501 647 ad
522 571 677 649 centuffir
704 571 836 644 numeri
858 569 1023 664 ejusmodi
1048 571 1123 644 sunt
1235 595 1237 602 ’

169 685 366 783 compositi:
381 685 542 780 ejusmodi
560 684 683 756 habent
702 681 973 755 fimilitudinem:
988 682 1125 777 dupon-

168 795 262 882 dius,
277 794 372 892 quod
393 792 554 890 diffimilis
569 792 638 882 est,
655 808 692 862 ut
709 791 846 879 debuit,
865 789 1049 863 diffimilem
1063 792 1127 864 ha·

166 905 225 978 bet
241 904 420 977 rationem.
438 903 494 978 sie
511 927 565 992 as,
581 902 743 1002 quoniam
760 901 898 998 fimplex
914 901 961 973 est
979 924 1017 972 tc
1032 899 1128 993 priu-

15 1047 17 1102 ς
167 1008 315 1104 cipium,
337 1011 376 1084 ὅ(
390 1032 498 1082 unum
519 1005 703 1104 fignificat,
727 1008 766 1080 δι
784 1003 1004 1078 multitudinis
1028 1005 1128 1078 habet

169 1119 270 1188 suum
283 1113 460 1188 infinitum.
473 1115 617 1190 dicimus
631 1115 722 1188 enim
740 1114 840 1189 affes:
857 1139 1037 1215 quoscum
1052 1113 1128 1187 fini·

167 1249 264 1316 mus,
286 1225 426 1302 dicimus
447 1226 639 1322 dupondius
667 1229 705 1301 dt
728 1225 850 1314 treffis,
874 1231 911 1301 δι
942 1224 986 1298 tic
1009 1249 1128 1322 porro.

169 1335 311 1410 Videtur
334 1336 435 1424 mihi,
460 1336 623 1435 quoniam
649 1334 783 1408 finitum
809 1333 1042 1409 &infinitum
1066 1336 1125 1408 ha·

168 1442 269 1534 beat,
294 1443 541 1533 fimilitudinem
566 1472 636 1519 non
661 1446 808 1536 habere,
837 1464 1019 1543 utrumque
1044 1447 1125 1519 item

169 1552 254 1627 dici:
271 1578 314 1627 eo
326 1554 448 1651 magis,
467 1556 559 1651 quod
573 1555 608 1626 in
628 1553 727 1648 ipseis
745 1553 940 1626 vocabuleis
960 1553 1016 1624 ubi
1035 1552 1126 1624 addi·

167 1683 224 1737 tur
243 1682 354 1738 certus
377 1690 556 1752 numerus,
576 1664 671 1738 aliter
689 1666 846 1760 atque'in
867 1665 1021 1759 reliqueis
1040 1665 1125 1738 dici·

167 1793 233 1846 tut.
250 1774 339 1847 Nam
359 1773 403 1847 fic
426 1774 635 1871 loquuntur,
652 1774 721 1848 hoc
733 1773 828 1845 mille
844 1775 1038 1861 denarium,
1053 1798 1126 1845 non

167 1881 236 1956 hoc
259 1881 352 1955 misse
371 1881 514 1957 denariis
535 1885 595 1972 δι,
615 1884 687 1958 haec
715 1884 785 1957 duo
809 1883 913 1957 millia
929 1883 1126 1970 denarium,

168 2013 240 2063 non
254 1990 325 2064 duo
340 1992 445 2065 millia
462 1992 597 2066 denarii
613 1991 648 2066 Si
669 1992 753 2066 effet-
764 1992 891 2066 denarii
908 1993 943 2063 in
964 1991 1057 2066 redo
1069 2017 1126 2065 ca·
1227 2065 1234 2084 N

168 2099 223 2190 su,
236 2120 334 2200 atque
352 2098 518 2174 infinitam
539 2100 787 2176 multitudinem
810 2099 1024 2200 fignificaret,
1042 2120 1124 2174 tunc

167 2204 204 2278 in
222 2207 354 2301 patrico
374 2207 587 2281 denariorum
610 2209 680 2283 dici
703 2210 892 2305 oportebat.
917 2212 955 2284 δι
974 2233 1046 2282 non
1067 2207 1124 2280 so·

167 2317 289 2390 lumin
306 2320 469 2408 denariis,
485 2320 711 2412 vidoriateis,
727 2321 926 2411 drachmeis,
939 2320 1124 2416 nummeis,
1210 2384 1213 2388 .

167 2427 225 2499 sed
238 2419 338 2501 etiam
357 2429 392 2502 in
412 2430 512 2503 vireis
527 2430 616 2506 idem
636 2430 761 2510 servari
782 2450 962 2528 oportere,
979 2457 1055 2505 cum
1073 2432 1122 2505 di·

166 2536 274 2611 cimus
299 2535 461 2631 iudicium
487 2537 581 2611 fuiffe
607 2536 851 2628 triumvirum,
872 2538 1123 2628 decemvirum,
1171 2564 1174 2569 ·

164 2671 236 2720 non
257 2646 531 2738 triumvirorum,
552 2643 838 2724 decemvirorum.
865 2650 1008 2723 Numeri
1031 2649 1119 2723 anti·
1198 2711 1201 2718 .

165 2751 225 2849 qui
243 2752 369 2825 habent
394 2754 582 2850 analogias,
602 2754 697 2852 quod
716 2753 873 2828 omuibus
891 2755 938 2828 est
962 2780 1029 2830 una
1051 2779 1118 2828 no-
1273 2821 1284 2846 x

167 2859 305 2932 venario
324 2858 457 2957 regula,
480 2860 550 2933 duo
569 2860 680 2946 udus,
701 2879 767 2935 tres
787 2863 926 2960 gradus,
946 2863 1001 2937 sex
1021 2865 1120 2939 decu·
1152 2927 1159 2936 .

167 2968 246 3054 riu,
264 2996 341 3067 quae
361 2971 476 3043 omnia
497 2970 647 3045 {imiliter
664 2972 752 3048 inter
771 2973 805 3049 se
830 2972 1043 3071 respondent.
1068 3000 1121 3048 te·

166 3080 256 3178 gulae
281 3079 329 3154 est
351 3107 507 3157 numerus
529 3084 759 3175 novenarius,
780 3086 875 3184 quod
895 3087 938 3157 ab
962 3108 1033 3157 uno
1053 3108 1120 3168 no·
1258 3183 1262 3192 Ι

166 3213 245 3265 vem
270 3214 348 3265 cum
375 3192 603 3287 pervenimus,
626 3193 739 3267 rursus
763 3193 914 3267 redimus
927 3194 970 3266 ad
993 3216 1122 3282 unum,

157 3304 203 3382 ,ἃ
223 3302 304 3376 hinc
322 3327 423 3376 unum
440 3305 478 3378 dt
498 3323 668 3403 nongenta
686 3305 728 3377 ab
751 3329 818 3375 una
831 3303 906 3375 sunt
919 3320 1036 3384 natura
1053 3328 1120 3377 no·

165 3410 312 3485 venario.
329 3409 375 3516 fic
396 3411 440 3483 ab
453 3412 626 3485 octonaria
645 3411 854 3486 &deorsum
873 3413 987 3484 versus
1002 3410 1045 3483 nd
1057 3411 1121 3484 srn·
1195 3491 1199 3508 ¹

163 3519 290 3617 gularia
315 3521 528 3616 perveniunt.
557 3522 658 3595 Adrus
687 3521 817 3618 primus
840 3519 887 3594 est
911 3522 954 3593 ab
979 3544 1049 3595 uno
1078 3518 1122 3595 'ad
1215 3573 1219 3578 -

163 3626 590 3724 nongentatsecundus,a
616 3625 708 3705 mille
728 3630 771 3701 ad
796 3648 964 3727 nongenta
992 3629 1121 3714 millia;

163 3736 259 3835 quod
275 3734 363 3810 idem
378 3737 514 3811 va'lebat
533 3762 658 3825 unum,
672 3739 711 3815 &
729 3738 841 3812 millet
852 3759 1032 3837 utrumque
1052 3739 1143 3811 fin·-

163 3844 270 3943 gnari
279 3869 423 3922 numero
436 3846 611 3947 appellant.
623 3846 714 3926 Nam
725 3871 763 3925 ut
775 3848 901 4027 dicupr
914 3849 984 3926 hoc
996 3870 1126 3938 unum,

911 3976 930 4049 3
