2834 4567
266 355 401 452 '250'
604 345 903 420 NOTAE

268 504 333 568 sane
353 522 417 564 erm
429 499 506 583 xputo
531 501 633 564 rectam
651 502 705 564 esse
723 502 887 564 ledionem:
904 501 934 562 dt
955 501 993 561 ira
1015 501 1160 584 legendum
1181 501 1234 565 elle

268 586 297 728 ip
312 581 413 656 Festo,
428 600 458 644 ut
475 582 576 645 lnebra
591 584 626 645 ab
644 584 813 659 inhibendo,
828 583 866 644 src
882 582 1004 644 Proebra
1018 601 1035 641 a
1051 584 1233 665 prohibendo.

294 680 408 728 cluo.
607 679 611 684 ’
725 707 728 714 ·

310 746 357 806 lin.
374 745 471 810 28.1n
488 745 631 829 Thermo]
649 747 737 828 Vulg.
749 747 779 806 in
795 747 934 808 Technico.
950 742 1052 805 Nescio
1065 765 1099 805 an
1114 744 1233 820 Caecilii,

309 830 318 889 i
335 828 406 908 saepe
420 829 517 888 citatur
528 829 557 887 in
567 826 678 901 Fallaci,
690 830 737 889 vel
748 828 874 889 Fallacia„
889 831 1031 907 Τεχνικὶς
1047 829 1120 887 enim
1140 826 1230 887 fallax.

269 848 404 970 dinuo.
427 909 543 991 Antiqui
558 910 667 971 codices
684 910 823 982 nonnulli,
844 912 876 970 In
895 909 1040 969 Technico:
1057 925 1086 968 ut
1101 907 1170 968 sorte
1188 909 1232 967 le-

268 989 391 1134 pendum
405 990 458 1067 fit,
473 992 507 1053 In
526 991 651 1074 Therino,
669 992 733 1064 vel,
754 992 880 1052 Thence:
894 1009 955 1071 quae
980 990 1054 1050 idern
1072 986 1232 1070 significant.

295 1086 404 1133 ΟΡΜΑ.

310 1155 371 1214 ead.
381 1155 413 1214 &
424 1151 463 1233 sq.
483 1153 671 1225 Confiditant,
691 1175 711 1212 a
724 1154 832 1232 conficio
848 1152 984 1213 convenire
1001 1149 1128 1232 dilium]
1143 1150 1229 1232 Vulg.

186 1263 191 1278 ¹
271 1236 421 1311 Conficiant
442 1235 500 1294 dte.
527 1232 726 1306 scribendum,
753 1233 1233 1304 convicaneaConvito,cunven1're

268 1316 370 1375 dimin.
393 1312 448 1375 Sed
468 1314 529 1375 huc
550 1313 600 1375 scri
633 1335 680 1375 ura
701 1314 741 1376 cst
760 1336 793 1376 ex
813 1318 901 1376 veteri
931 1335 1022 1375 errore
1042 1314 1230 1386 librariorum,

199 1387 209 1418 ⁸
309 1395 316 1451 i
336 1397 479 1476 pervium,
524 1418 543 1457 o
552 1332 692 1476 petilini,
708 1397 739 1457 8(
757 1396 865 1455 innitere
879 1417 931 1476 pro
943 1397 1053 1455 inbitere
1068 1393 1232 1453 scribebant.

301 1478 398 1537 mnino
413 1475 488 1538 Com
510 1480 563 1548 ito,
576 1478 676 1539 eodem
691 1475 779 1538 modo
793 1476 971 1552 declinatum,
985 1496 1041 1557 quo
1054 1473 1176 1544 lmbito,
1190 1475 1233 1531 in-

268 1577 323 1629 eo,
338 1558 366 1617 in
381 1557 500 1639 Epidico
512 1558 619 1633 Plauti,
632 1561 663 1621 bt
680 1559 819 1631 Praebeo,
835 1559 993 1640 praerenio,
1002 1561 1029 1615 in
1040 1555 1185 1617 Pseudolo:
1199 1554 1231 1614 δι

268 1635 371 1699 Rebito
386 1642 414 1700 in
430 1638 544 1720 Captiv.
559 1642 661 1702 redeo:
676 1641 707 1702 bt
722 1640 849 1714 Perbito‚
864 1660 956 1721 pereo.
976 1636 1082 1698 Ennius
1095 1636 1230 1698 Hecuba:

308 1722 365 1780 Sed
383 1744 438 1783 non
450 1722 588 1803 scripfisli,
600 1725 668 1802 ·qut's
686 1739 819 1800 parentem
842 1739 890 1781 aut
911 1715 1036 1804 hospitem

256 1821 296 1942 εἰη
309 1803 384 1862 Nem
406 1822 451 1865 et:
468 1822 519 1881 quo
538 1804 599 1883 quis
618 1805 736 1864 cruciatu
753 1802 897 1884 perbitcret.

297 1895 352 1943 aut:
441 1898 462 1943 t.

307 1964 365 2041 Qui
382 1904 440 2043 perp
447 1966 568 2023 virtutem
584 1965 717 2044 perlitas,
739 1987 792 2024 non
813 1964 910 2026 interit.

265 2040 402 2118 Perbitat,
416 2060 516 2126 pereat.
538 2043 605 2104 Non
619 2045 692 2105 enim
706 2066 753 2124 per
769 2045 892 2106 diaereses
908 2042 997 2106 nescio
1011 2063 1079 2123 quas
1088 2039 1233 2124 expedien-

193 2135 195 2140 ‘
265 2124 319 2184 dus
340 2123 452 2186 versus:
470 2125 546 2204 quod
564 2122 630 2185 facit
648 2126 786 2186 corrector
802 2127 988 2189 Plautinarum
1012 2124 1175 2196 fabularum,
1185 2125 1232 2204 qui

264 2223 374 2346 pztrern
396 2225 490 2265 mcum
507 2205 674 2267 audiendum
695 2228 754 2277 non
768 2208 876 2280 censet,
894 2208 970 2288 quod
987 2208 1102 2266 creticos
1121 2207 1149 2264 in
1159 2207 1233 2280 jam·

306 2307 334 2347 m
352 2286 485 2349 admittat.
497 2285 552 2348 Sed
561 2287 640 2349 deco
656 2288 787 2350 alluserit
803 2289 933 2370 loquendi
950 2291 1034 2348 locus.
1050 2286 1143 2367 ltaque
1153 2305 1232 2347 com·
1254 2359 1259 2366 p
1388 2327 1389 2346 t

265 2367 492 2510 birmfpertaebito,
506 2370 631 2449 publio,
648 2371 753 2447 rebbo,
769 2371 885 2446 imbuo,
906 2367 1058 2451 composita
1074 2366 1233 2429 suntefim·

265 2449 329 2530 plici
399 2470 450 2510 ere.
475 2448 586 2511 Plautus
602 2451 739 2514 Astraba:

306 2532 374 2611 Quae
394 2531 445 2610 nist
454 2533 496 2610 fic
515 2534 624 2605 leteris,
646 2535 752 2592 nimium
772 2532 797 2591 is
818 2534 953 2612 ungrandi
970 2532 1067 2614 gradu·

265 2610 321 2679 Sed
335 2634 410 2675 error
426 2612 508 2694 hujus
524 2614 683 2694 depravare
700 2614 838 2695 scripturae
857 2616 921 2674 hinc
939 2614 1082 2687 manavit,
1096 2609 1171 2692 quod
1186 2609 1232 2671 ln·

266 2695 356 2754 vitere
392 2715 425 2754 ro
441 2694 570 2755 Imbitere
591 2695 758 2769 scribebant,
775 2712 805 2754 ut
818 2695 895 2777 supra
911 2695 1115 2755 admonuimus.
1131 2692 1232 2772 Quare

265 2776 340 2857 apud
360 2715 487 2835 linctum
502 2774 696 2851 Truculento,
711 2778 757 2837 ubi
775 2776 858 2837 hodie
872 2778 989 2858 legitur,

448 2859 643 2936 ——quid
661 2858 712 2916 tibi
731 2859 817 2934 hanc,
837 2858 961 2937 inquam,
981 2855 1054 2915 notio
1073 2856 1125 2938 est,

305 2935 431 2996 Amicum
450 2939 558 2998 meam?
579 2938 681 2999 moriere
701 2939 787 3015 ocius,
801 2942 830 3020 fi
843 2961 922 2998 manu
941 2939 1043 3000 ulceris.

305 3019 382 3097 Quid
399 3039 478 3079 uranu
498 3019 627 3082 uicerim?

262 3097 449 3182 castigandum
464 3098 525 3164 eslr

446 3181 681 3246 —norim
699 3183 790 3256 ocius,
804 3184 834 3263 fi
850 3182 923 3240 virm
944 3180 1075 3243 inniteris.

306 3276 329 3323 G
341 3275 370 3325 Ε.
394 3264 472 3343 Quid
489 3267 563 3324 uiant
581 3266 739 3326 inviterim?
771 3280 820 3327 ST
832 3279 863 3327 R·
884 3263 940 3323 Pac
959 3264 1031 3343 qnod
1039 3258 1105 3344 J‘uffi
1111 3305 1122 3337 ,
1142 3280 1229 3321 mane.

262 3342 311 3403 ubi
327 3346 409 3403 etiam
424 3343 554 3424 personas
576 3346 625 3410 suo
639 3346 704 3408 loco
721 3343 894 3408 reddidimus.
916 3345 1048 3406 Sermo.
1067 3341 1229 3425 legendum
1248 3347 1254 3357 '

264 3426 427 3485 Conlicitant
441 3449 459 3484 a
475 3427 606 3488 conliciro.
623 3426 671 3488 Est
689 3447 783 3488 autem
802 3426 937 3500 coniicito,
957 3427 992 3485 de
1007 3426 1094 3505 pretio
1115 3443 1229 3483 conve·

260 3507 309 3566 nio
325 3507 358 3568 &
370 3509 521 3579 contraho,
532 3527 561 3570 ur
572 3511 744 3588 conspondeo,
757 3524 852 3569 contra
869 3506 1009 3586 spondeo,
1023 3504 1082 3565 sive
1102 3520 1228 3564 mutuam

261 3584 346 3649 fidem
365 3588 468 3671 obligo.
492 3588 671 3650 Vemslillrmi
689 3587 805 3670 simplex
820 3589 906 3649 licitur
925 3585 1124 3682 percppptnuir
1145 3582 1228 3644 usur·

81 3699 86 3708 κ
143 3690 147 3696 ·
261 3686 361 3746 parunt
376 3690 429 3752 pro
444 3671 609 3752 congredior
629 3673 661 3733 dt
677 3690 782 3753 pugno.
798 3668 906 3732 Festus:
925 3670 1049 3740 Liciratr,
1064 3689 1094 3727 in
1108 3687 1229 3742 nercanq

256 3751 292 3811 lo
304 3752 362 3825 five
377 3754 523 3833 pugnando
535 3752 602 3810 inter
611 3753 644 3834 se
662 3755 851 3814 contendentes.
868 3750 991 3811 Ennius:
1244 3794 1248 3802 -

296 3831 371 3890 Pars
390 3833 492 3894 ludim
504 3831 610 3915 jaciant
623 3834 717 3916 fiexa,
736 3836 804 3893 inter
817 3833 847 3914 [ι
868 3833 1014 3894 licitarum
1034 3828 1166 3893 ΡΟΡΜΔ.
