2834 4567
148 425 151 432 ,
271 361 317 430 42
468 314 517 406 ul.
542 331 1020 445 summu-vlumus

271 495 307 568 in
319 495 433 568 locum
446 492 643 589 palustrem,
654 490 714 590 qui
729 514 799 566 tum
812 491 920 566 fuitin
935 493 1034 585 foro,
1045 513 1121 570 ame
1131 523 1232 595 quam

273 604 401 679 cloacae
420 604 482 677 smr
500 602 615 695 faciae,
634 604 809 693 secellille,
824 627 923 702 arque
941 605 1021 680 suos
1035 607 1070 679 in
1088 611 1233 705 Capito·

270 714 353 786 lium
378 713 545 809 recepisse.
569 715 623 788 Ab
645 740 689 788 eo
709 714 816 789 lacum
836 714 1001 789 inveuiffe
1029 742 1166 791 nomen.
1189 722 1232 796 C.

195 811 200 822 ⁵
270 823 379 898 AElius
392 826 430 899 δι
448 825 495 918 Q.
510 824 660 898 Lutatius
673 823 842 914 scribunt,
858 848 935 898 eum
954 825 1069 900 locum
1087 829 1151 901 elle
1163 827 1232 902 sul·

269 955 448 1032 guratum,
467 939 504 1010 &
529 959 572 1007 er
604 933 890 1018 senatusconsulto
919 932 1047 1031 septum
1073 936 1158 1025 elle3
1180 937 1232 1011 id·

269 1068 337 1140 que
359 1042 480 1117 saurim
501 1043 565 1118 elle
584 1044 738 1118 aCurrio
756 1046 919 1135 consule,
932 1047 987 1122 cui
1005 1050 1142 1122 Marcus
1158 1051 1232 1122 Ge·

270 1155 393 1228 nucius
416 1153 482 1229 fuit
505 1155 655 1253 collega,
673 1156 830 1229 Curtium
860 1154 1074 1252 appellatum.
1096 1161 1165 1229 Arx
1188 1156 1231 1228 ab

270 1264 443 1355 arcendo,
461 1263 556 1362 quod
573 1265 600 1339 is
619 1266 715 1341 locus
735 1264 970 1340 muniriffimus
989 1264 1102 1352 urbis3
1121 1293 1139 1339 a
1159 1288 1231 1362 quo
1380 1355 1383 1364 Ι

271 1371 429 1447 facillime
448 1372 548 1468 poffir
569 1373 670 1446 hellis
690 1373 877 1470 prohiberi.
895 1375 1019 1449 Carcer
1037 1398 1231 1468 accercen·
1277 1423 1280 1428 «

270 1483 339 1570 do,
352 1483 447 1580 quod
466 1482 558 1556 exire
572 1483 804 1579 prohibemur.
822 1491 858 1557 lu
877 1485 945 1559 hoc
968 1508 1062 1581 pars,
1075 1507 1152 1579 quae
1171 1482 1231 1554 sub

270 1587 380 1678 terra,
398 1591 619 1668 Tullianum:
634 1592 713 1666 ideo
725 1593 827 1694 Aquod
842 1593 989 1666 additum
1008 1615 1027 1664 a
1041 1590 1162 1664 Tullio
1174 1615 1230 1664 re·

269 1724 328 1798 ge:
346 1700 439 1797 quod
456 1699 669 1800 Syraculeis‚
687 1701 746 1773 ubi
765 1699 858 1772 simili
873 1702 914 1773 de
927 1698 1022 1774 causa
1036 1697 1230 1772 custodiun-

186 1843 192 1870 ·
270 1831 349 1897 rur,
367 1831 537 1886 vocantur
553 1810 733 1899 Latomiae3
752 1813 789 1886 &
807 1812 848 1884 de
865 1811 1002 1884 latomia
1016 1809 1231 1898 translatum,

271 1920 367 2017 quod
385 1920 462 2002 heic
481 1944 619 2017 quoque
642 1922 831 2016 lapidicina
848 1919 994 1993 fuerunt.
1008 1921 1088 1991 lude
1104 1923 1230 1994 Laure-

269 2051 362 2118 tum,
378 2029 421 2101 ab
445 2055 509 2118 eo,
526 2033 620 2128 quod
644 2030 692 2102 ibi
716 2028 864 2124 sepultus
887 2028 933 2101 ell
955 2028 1132 2103 Tc'l'atius
1151 2053 1230 2120 rex,

269 2142 364 2237 quia
386 2141 607 2213 Laurentibus
630 2139 821 2213 iurerlellus
847 2139 905 2212 est.
925 2140 968 2211 ab
993 2139 1074 2212 srlva
1098 2139 1230 2229 laurea,

268 2249 366 2346 quod
380 2273 419 2321 ea
437 2248 484 2321 ibi
500 2248 625 2339 excisa,
643 2250 681 2324 δι
699 2245 882 2321 aedificatus
901 2247 1007 2322 vicus.
1026 2266 1065 2321 ut
1080 2248 1168 2321 iuter
1181 2248 1229 2322 sa·

225 2390 233 2409 ·
269 2380 361 2428 cram
378 2353 468 2427 viam
482 2356 521 2430 δι
534 2355 712 2431 macellum
726 2355 870 2444 editum,
882 2358 1034 2430 Cornera
1048 2381 1067 2430 a
1080 2356 1229 2446 corneis,
1244 2357 1247 2366 ’

232 2549 235 2552 ,
271 2492 350 2562 quae
364 2464 508 2578 abscillae
522 2464 604 2543 loco
617 2467 824 2564 reliquerunt
838 2487 974 2542 nomeu.
986 2486 1024 2541 ur
1037 2466 1230 2541 Esculerum
1286 2529 1288 2534 a
1321 2465 1324 2478 '

270 2577 313 2649 ab
332 2576 446 2650 esculo
467 2576 609 2665 dilium.
627 2580 665 2653 &
684 2577 856 2674 Fagurala
879 2575 977 2675 fago:
998 2579 1089 2650 unde
1108 2578 1229 2666 etiam,

271 2688 367 2780 quod
391 2686 439 2759 ibi
462 2686 639 2774 sacellum,
660 2688 757 2763 lovis
782 2688 954 2786 Fagutalis.
974 2687 1229 2776 Armilullrum,
1323 2705 1327 2720 ³

270 2793 314 2868 ab
323 2793 451 2876 ambitu
468 2795 561 2870 lullri
577 2796 684 2869 locus.
697 2796 779 2870 item
792 2795 912 2870 Circus
923 2793 1092 2867 maximus
1104 2792 1229 2884 diuus,

269 2905 364 3000 quod
379 2903 506 2978 circum
522 2904 733 3007 spellaculeis
749 2902 951 2992 aedilicatus,
965 2902 1024 2975 ubi
1038 2900 1109 2976 ludi
1124 2898 1228 2989 liuut;
1344 2949 1350 2958 ·

269 3017 309 3091 δι
329 3014 490 3113 quodibi
510 3016 639 3090 circum
658 3029 763 3089 meras
790 3016 895 3089 fertur
924 3038 1069 3111 pompa,
1087 3016 1126 3088 &
1149 3014 1228 3112 equi

268 3145 421 3200 currunt.
436 3128 553 3222 Iraque
570 3127 694 3199 diuum
708 3125 745 3197 iu
758 3126 941 3201 Cornicula
958 3124 1080 3199 millies
1096 3126 1226 3199 adven·
1294 3181 1297 3188 .

268 3257 328 3324 ru,
348 3262 449 3333 quem
469 3239 680 3312 circumeunt
695 3236 978 3330 ludentes,Quid
993 3238 1151 3313 ceffamus
1170 3236 1227 3310 lu·

269 3343 335 3419 dos'
351 3345 486 3422 lacere?
504 3348 625 3424 Circus
645 3348 759 3423 noller
775 3372 855 3424 ecce
869 3348 969 3423 adest.
989 3355 1027 3423 lu
1043 3350 1136 3425 circo
1156 3348 1227 3442 pri·

269 3480 350 3545 mo,
364 3458 453 3531 unde
474 3458 652 3538 mittuntur
666 3459 764 3558 equi,
779 3484 869 3533 nuuc
884 3458 1042 3534 dicuutur
1056 3481 1225 3531 carcerest

269 3566 412 3640 Naevius
443 3568 619 3666 Oppidum
644 3572 800 3670 appellat.
822 3575 981 3649 Carceres
1005 3566 1105 3657 diui,
1132 3567 1226 3664 quod

269 3699 472 3753 coercemur
492 3682 594 3777 equi,
614 3707 655 3755 ne
677 3684 755 3756 iude
775 3703 893 3756 exeam
915 3701 1012 3768 ante,
1031 3703 1132 3775 quam
1155 3700 1225 3747 ma·

266 3787 422 3891 gistrarus
440 3789 546 3867 milit:
566 3792 761 3892 Oppidum,
772 3793 873 3894 *quod
892 3817 912 3867 a
932 3787 1020 3865 muri
1036 3809 1130 3888 parre
1147 3785 1225 3884 pin·
