2834 4567
332 320 406 395 tn
453 311 946 393 rutenensi.-
1045 333 1112 415 301

154 479 229 543 inter
243 479 357 647 Ogypis
370 483 401 546 δι
415 480 528 545 Romuli
546 498 655 544 aeratcm
671 477 862 542 intercessisse:
877 480 984 551 Theba,
998 501 1053 563 qus
1068 502 1120 541 arr·

31 583 36 594 “
156 582 184 624 cc
203 567 306 645 catusy
319 587 379 626 neon
401 564 497 646 Ogygi
512 561 623 624 conditu
643 561 782 636 dicuntur,
802 581 837 619 ιι
852 582 938 621 tamen
952 565 1050 623 circiter
1065 568 1119 630 duo

156 643 241 704 milda
256 646 421 708 annorum&
438 662 537 705 cerrum
547 644 621 725 svnt.
633 639 743 722 Scripsit
756 657 849 701 autem
868 640 962 702 Varro
975 643 1024 704 isla
1043 663 1120 703 anno

29 743 30 806 j
156 725 193 786 ab
214 724 252 788 U.
275 726 311 790 (L
327 723 567 808 septingentesimo
590 723 703 786 decimo
730 722 862 803 septimo,
879 740 909 783 ut
925 723 1027 786 ibidem
1052 722 1118 785 disci.

198 806 284 888 Fuiffe
294 808 418 869 Vettium
433 804 511 888 &c.]
528 801 595 868 Non
607 805 725 864 omnino
742 824 831 862 vanus
846 820 924 865 vates
933 803 982 865 suit
993 803 1041 865 ille
1051 804 1120 864 Vet-

154 886 210 958 ‚tius
222 933 231 961 ,
243 887 293 949 crsr
305 887 361 971 ipsa
381 888 515 970 auguralis
529 885 667 966 disciplina
683 884 763 966 plena
780 886 907 945 vanitatis
924 889 957 949 δι
974 884 1122 977 prestigia·

158 987 230 1032 rum.
247 968 324 1030 Nam
337 990 401 1031 cum
414 970 472 1031 baec
489 968 648 1049 prediceret
663 968 734 1026 circa
752 986 854 1039 annum
866 965 950 1028 Urbis
967 968 1123 1107 leptinpen·

156 1046 296 1127 teslmum,
314 1049 401 1134 (tunc
416 1051 490 1116 enim
505 1050 597 1110 Varro
607 1050 666 1108 haec
677 1044 799 1129 scripfit)
810 1068 884 1108 anno
895 1046 1049 1129 odingente
1061 1067 1122 1109 nno

158 1128 291 1192 vicesimo
334 1133 405 1194 rimo
429 1131 513 1192 trium
530 1129 751 1212 Imperatorum,
770 1125 893 1202 Galbae,
906 1126 1050 1204 Othonis,
1067 1128 1124 1190 Vi·
1191 1195 1193 1200 ,

94 1215 99 1220 ’
159 1210 222 1270 tellii
242 1153 414 1280 somniatoris
437 1212 530 1288 cade,
548 1213 683 1272 incertum
704 1209 749 1269 diu
767 1211 799 1270 &
818 1207 895 1292 quast
913 1230 1017 1293 vagum
1036 1212 1124 1291 impe·

157 1291 228 1352 rium
247 1292 308 1355 suit.
319 1292 391 1356 stetit
411 1299 519 1364 tamen,
537 1291 688 1373 mansitque
712 1290 864 1365 incolume,
878 1290 960 1368 usque
977 1294 1004 1350 in
1019 1312 1124 1353 annum

157 1367 242 1435 Urbis
256 1375 429 1440 millesimum
442 1374 658 1438 ducentesimum
677 1370 818 1432 oslavum.
837 1371 1125 1450 tuchandali‚duce

94 1485 97 1494 ·
141 1450 330 1530 ‘Geoserico,
348 1456 492 1517 dominam
513 1457 611 1516 urbem
634 1452 765 1513 omnibus
787 1452 885 1533 opibus
912 1450 1076 1532 spoliarunt,
1091 1455 1125 1516 dc

158 1533 294 1616 direptam
320 1538 503 1616 reliquerunt,
524 1533 713 1613 imperialibus
738 1534 905 1592 ornamentis
925 1534 1124 1617 &insignibus

41 1679 44 1688 ,
158 1613 253 1675 secum
266 1616 294 1674 in
310 1614 443 1676 Africam
453 1614 596 1675 translatis.
616 1615 653 1672 ita
666 1612 787 1673 Romani
800 1613 904 1693 imperii
918 1613 1045 1687 majestas
1058 1638 1126 1676 con.

158 1696 224 1758 cidit
239 1693 299 1778 post
319 1694 471 1757 duodecim
488 1694 595 1767 secula,
608 1712 670 1789 quae
687 1693 799 1754 Vettius
814 1712 899 1775 augur
914 1693 1046 1767 judicavit
1079 1717 1126 1756 or.

158 1775 235 1836 tendi
256 1775 403 1839 duodecim
430 1775 575 1851 vulturiis,
596 1795 645 1858 qur
667 1775 695 1834 in
720 1772 842 1855 auspicio
865 1771 1017 1837 condendae
1069 1778 1126 1839 rbis
1215 1867 1217 1870 ι
1271 1801 1277 1810 ‘

77 1949 86 1968 Ι
156 1854 470 1922 Romuloaddixeruut.

462 1977 511 2052 IN
535 1977 711 2051 LIBRUM
734 1975 819 2072 XX.

199 2112 351 2175 Decemviri
362 2134 420 2176 cunt
431 2113 501 2198 δια]
514 2115 678 2178 Decemviri
694 2116 784 2197 legem
794 2114 911 2177 tulerunt
923 2115 959 2177 cle
971 2116 1066 2190 nexis,
1080 2138 1125 2180 cu·

160 2193 206 2270 jus
216 2195 377 2275 particulam
387 2197 426 2259 ita
437 2214 602 2277 conceptam
614 2195 701 2272 soille,
712 2217 746 2256 ex
754 2195 849 2257 Gellio
861 2198 1013 2281 colligimus
1024 2217 1031 2260 :
1041 2197 1124 2261 Tert-

161 2292 244 2339 srers
260 2293 438 2340 notrorum
454 2294 652 2341 courruoms
669 2294 758 2338 euno
772 2293 943 2339 commum
961 2297 1126 2344 euocrrn·

160 2374 206 2420 ΤΟ
241 2375 464 2433 QUANTEIQUE
485 2373 571 2421 suls
602 2373 787 2421 AEswmrtrn
816 2373 887 2421 sm
915 2377 1128 2427 emmeno·
1206 2423 1215 2434 x

160 2439 234 2502 Earn
247 2442 337 2523 legem
351 2440 444 2502 Varro
464 2438 585 2500 sortaffis
596 2440 634 2500 ita
646 2441 852 2519 interpretatur:
871 2438 1055 2504 Decemviros
1071 2466 1127 2505 vo-

29 2561 30 2568 t
157 2519 238 2582 luisse
257 2522 328 2582 duos
346 2541 432 2581 nexos
451 2521 483 2584 ἃ
497 2520 620 2586 additlos
641 2522 689 2581 uni
712 2520 859 2594 creditori,
882 2542 941 2581 non
959 2521 1056 2596 simul,
1080 2523 1128 2585 sed

162 2621 302 2684 quemque
317 2621 416 2662 eorum
434 2600 578 2683 separatim
597 2603 676 2663 trinis
694 2602 825 2662 nundinis
848 2604 982 2662 continuis
1000 2604 1035 2662 ad
1050 2624 1128 2686 prae·

161 2698 253 2827 qqpem
275 2685 305 2742 in
320 2685 470 2824 tqpmitium
496 2682 630 2765 produci,
653 2700 817 2767 quantaeque
840 2684 963 2766 pecuniae
990 2685 1126 2762 judicatus

201 2781 247 2840 et,
282 2783 319 2824 rae
348 2779 413 2826 carr.
784 2833 788 2839 ¹

204 2784 301 2906 perier
314 2867 375 2906 uam
391 2845 494 2905 duobus
510 2843 584 2928 bro]
599 2845 707 2907 Nonius
724 2847 767 2907 hic
779 2843 910 2909 observat
932 2868 1036 2909 vocem
1057 2847 1126 2909 Bal-

163 2926 196 2987 bc
211 2946 264 3008 pro
281 2871 398 2989 olscure
409 2946 416 2989 :
429 2946 489 3010 quae
505 2949 569 2989 cum
588 2928 617 2986 in
635 2928 676 2988 bis
688 2928 782 2990 verbis
798 2949 854 2989 non
872 2927 977 3004 exstet,
993 2949 1127 3010 apparet,

162 3007 257 3069 locum
272 3006 326 3067 elle
340 3009 467 3069 mutilum
479 3009 510 3071 ὅ(
526 3027 698 3088 corruptum.
713 3009 888 3084 Videndum,
905 3032 940 3069 an
954 3011 1007 3092 legi
1027 3009 1126 3090 poffit:

165 3088 360 3170 Protrrquarn,
378 3091 509 3152 duodecim
527 3093 556 3150 in
574 3092 683 3170 primis,
701 3092 736 3172 est
754 3091 880 3172 scriptum
904 3091 997 3164 balbe,
1013 3095 1127 3172 [pessare

163 3169 231 3230 velit
240 3169 332 3249 potius
351 3189 428 3250 quant
446 3171 626 3244 voluntatem,
639 3173 741 3234 debeam
757 3192 809 3229 non
826 3189 912 3229 carum
925 3173 952 3230 d.
970 3192 1003 3232 nr.
1023 3171 1052 3233 Si
1066 3194 1128 3233 ma·

165 3248 291 3333 gislratus
311 3250 338 3309 iu
352 3249 517 3326 judicando,
536 3256 564 3312 in
584 3254 643 3323 uit,
663 3252 756 3331 potius
770 3250 888 3330 speslare
905 3253 971 3312 velit
988 3255 1076 3315 verba
1085 3256 1127 3316 le·

166 3349 234 3415 gum
249 3328 382 3405 obscura,
402 3336 520 3394 maxime
536 3273 596 3396 Xll
610 3332 685 3395 Tau.
703 3352 787 3413 quam
807 3349 927 3393 mentem
945 3356 978 3395 ac
992 3337 1130 3398 'volunta-

41 3411 45 3420 '
165 3430 226 3475 tem
248 3412 479 3495 legumlatorum,
499 3416 616 3475 omnino
636 3435 692 3476 non
711 3417 769 3474 exit
786 3411 830 3474 ille
849 3401 967 3494 pruddns
986 3415 1128 3499 magistra.

165 3510 221 3556 tus.
241 3493 333 3570 Nam,
350 3511 381 3555 ut
400 3495 438 3555 ait
455 3492 551 3557 Celsus
572 3495 618 3556 lib.
643 3515 681 3574 27
706 3491 814 3577 Digest.
834 3496 904 3556 Scire
921 3497 1008 3578 leges,
1026 3519 1078 3557 non
1093 3499 1129 3577 ‘fl

167 3576 248 3637 verba
264 3596 350 3635 eurum
369 3594 468 3650 tenere,
485 3575 535 3657 scd
550 3578 603 3636 vim
623 3598 655 3637 ac
667 3577 825 3659 potestatem.
845 3577 877 3638 ἀ
899 3577 946 3638 lib.
969 3578 1128 3659 291Bcrti·
1223 3645 1227 3657 ι

186 3658 246 3718 nius
262 3657 331 3738 seges
347 3658 541 3741 interpretanda
552 3659 627 3737 fient,
645 3679 696 3738 quo
714 3658 839 3717 voluntas
852 3680 938 3719 earum
957 3663 1125 3738 conservetur.

165 3678 241 3883 {qq
248 3740 360 3882 pendi?
375 3736 437 3803 Sex.
453 3736 559 3804 cecilii
571 3740 606 3803 de
617 3740 723 3826 legibus
734 3737 788 3801 xll
799 3736 873 3802 Tab.
891 3737 1037 3803 dissertatio
1052 3738 1127 3823 apud

200 3841 215 3888 ἓ
242 3840 291 3887 Um
345 3840 427 3890 0200·
