2834 4567
442 404 941 502 runcunnrn.
1103 421 1229 540 n5³

81 581 83 586 >
218 581 271 638 r
568 574 697 651 nrn
745 539 845 658 1v'.=

592 685 598 702 ·
686 692 707 730 e

251 777 351 855 More
370 752 537 878 majorum
557 793 697 871 Senatus
714 798 830 876 haberi
850 805 1001 908 solebat,
1019 845 1080 919 per
1102 827 1170 905 Di.

204 886 392 980 statorem,
411 896 602 990 Consules,
624 903 815 1001 Praetores,
835 916 1010 1001 Tribunos
1034 932 1168 1035 plebis,

201 1000 430 1103 interregem,
454 1010 646 1089 Praeseflum
673 1019 793 1097 urbis:
821 1041 933 1127 neque
960 1036 1017 1110 alii
1045 1066 1170 1137 ptaeter

111 1125 115 1131 ’
201 1109 267 1184 hos
294 1111 346 1206 jus
364 1114 428 1189 fuit
451 1118 562 1197 facere
583 1117 943 1234 Senatusconlultum,
965 1152 1167 1256 quotiesque

201 1210 262 1293 usu
280 1224 450 1317 veniebat,
464 1250 502 1303 ut
518 1256 637 1310 omnes
651 1237 703 1313 isli
715 1243 927 1341 Magistratus
944 1258 1066 1335 eodem
1082 1284 1167 1342 tem·
1412 1256 1414 1266 Α

200 1353 287 1424 pore
306 1334 426 1417 Romae
448 1336 570 1432 essent,
586 1363 657 1419 tum
678 1373 751 1445 quo
778 1351 876 1452 supra
899 1362 1018 1440 ordine
1046 1371 1166 1473 scripti
1216 1349 1226 1374 Ι

200 1447 308 1530 etant,
324 1444 383 1537 qui
395 1470 515 1530 eorum
531 1451 625 1545 prior
636 1455 709 1529 aliis
731 1483 823 1553 erut,
839 1466 869 1539 ei
886 1473 1093 1566 potiffimum
1108 1488 1166 1586 Se·

198 1567 297 1620 natus
318 1553 516 1628 consulendi
535 1556 587 1651 jur
600 1561 673 1638 fuit.
686 1567 976 1654 'Extraordinario
992 1583 1067 1677 jure
1080 1593 1164 1671 Tri·

198 1653 283 1727 buni
301 1682 442 1755 quoque
464 1662 641 1756 militares,
661 1672 721 1767 qui
738 1699 802 1768 pro
822 1679 1029 1763 Consulibus
1042 1709 1163 1797 erant,

5 1756 7 1825 f
44 1823 50 1838 ,
197 1762 280 1837 item
299 1765 523 1860 Decemviri,
544 1774 668 1870 quibus
687 1778 864 1878 imperium
888 1793 1073 1877 Consulare
1090 1826 1164 1889 turn

197 1892 289 1963 erat,
303 1874 383 1950 item
402 1881 553 1974 Tresviri
574 1886 788 1984 Reipublicae
803 1900 1053 1988 constituenda·
1064 1921 1162 2000 causa

197 1986 324 2075 creati,
345 1985 397 2080 jus
421 1993 620 2071 consulendi
642 2002 797 2114 Senatum
821 2009 1018 2092 habuerunt.

251 2099 483 2184 lnteteedendi
501 2129 556 2179 ‹ne
590 2108 920 2197 Senatusconsultum
952 2126 1047 2206 fieret
1068 2191 1081 2226 ,
1106 2137 1162 2234 jus

196 2200 260 2276 suit
280 2206 321 2278 iis
339 2208 438 2299 solis,
458 2212 517 2310 qui
541 2217 655 2294 eadem
679 2227 863 2323 potestate,
881 2259 947 2333 qua
966 2238 1010 2332 ii,
1024 2249 1083 2345 qui
1098 2253 1162 2327 Se·

196 2303 484 2398 naluscontutun
499 2323 609 2403 facere
629 2335 1033 2450 volebant‚majoresque
1053 2385 1160 2462 erant.

244 2427 315 2498 Nisi
329 2427 364 2501 in
379 2428 460 2504 loco
475 2458 535 2529 per
544 2439 730 2537 Augustum
745 2451 951 2550 constituto,
965 2470 1061 2560 quod
1073 2489 1161 2549 tern-

130 2581 139 2590 .
194 2532 288 2631 plum
312 2539 559 2636 appellaretur,
583 2549 915 2639 senatusconsultum
940 2570 1071 2652 salium
1105 2586 1160 2668 εἷς

195 2642 265 2736 set,¹
280 2644 403 2741 jullum
418 2651 453 2724 id
475 2680 545 2730 uon
561 2657 634 2735 suit.
649 2687 828 2765 propterea
845 2677 884 2751 δι
905 2677 949 2776 in„
960 2684 1062 2761 Curia
1080 2695 1157 2769 Ho-

195 2752 297 2844 llilia,
311 2760 347 2832 &
361 2758 396 2829 in
415 2760 598 2861 Pompeia,
613 2773 651 2847 δι
666 2775 741 2871 posi
751 2779 785 2852 in
800 2784 907 2877 lulia,
923 2814 1000 2867 cum
1016 2802 1157 2894 profana
1199 2857 1201 2864 .

196 2888 235 2939 ea
260 2865 337 2942 loca
356 2870 481 2961 essent,
497 2881 621 2978 templa
642 2883 718 2961 sunt
741 2917 801 2988 per
823 2901 1006 2998 Augustum
1027 2915 1157 2991 coristi·
1219 2942 1221 2946 ’

195 2990 290 3063 tuta,
305 3003 342 3052 ut
356 2979 390 3054 in
404 2982 444 3057 iis
456 2987 771 3097 Senatusconsulta‚
785 3032 882 3085 more
895 3015 1060 3109 majorum
1072 3023 1158 3119 justa

195 3079 269 3156 sieri
291 3089 432 3183 pollent.
584 3089 591 3104 ’

242 3196 326 3270 Non
346 3223 464 3280 onmes
479 3187 566 3286 faedes
579 3211 679 3293 sacrae
700 3221 987 3324 temptaturum
1011 3263 1055 3313 ne
1068 3246 1157 3326 aedes

193 3304 330 3404 quidem
354 3313 462 3388 verta
482 3324 643 3418 templum
665 3327 724 3403 est.

241 3419 569 3506 Senatusconsultum
586 3457 665 3513 ante
688 3435 871 3536 exortum,
884 3469 942 3526 aut
964 3456 1040 3551 poli
1051 3486 1156 3543 occa·
1192 3501 1199 3548 μ

192 3527 265 3599 sum
289 3530 393 3607 solem
414 3536 561 3632 sallum,
583 3565 690 3620 ratum
710 3574 782 3628 non
803 3551 877 3628 fuit.
905 3561 1003 3658 Opus
1024 3570 1157 3648 Censo-

191 3636 281 3709 rium
295 3639 376 3715 fecit
389 3648 617 3745 existimatos,
641 3681 700 3752 per
722 3683 810 3757 quos
827 3687 870 3742 eo
883 3685 1036 3769 tempore
1049 3681 1155 3758 Senu-

191 3746 434 3828 tusconsultunt
460 3758 582 3837 sallum
600 3767 690 3844 effer.

242 3860 420 3941 lmutolare
435 3868 576 3950 hostiam
590 3878 684 3977 prius
692 3934 705 3976 ,
721 3881 950 3984 auspicarique
964 3892 1080 3994 debet,
1093 3901 1155 4001 qui
1174 3933 1177 3938 ’

811 4000 957 4073 uz
1057 3981 1272 4112 ‘¹'
