2834 4567
343 342 409 416 DE
433 339 607 416 UNGUA
633 340 801 416 LATth
828 342 907 415 ΗΒ.
933 345 1004 415 VH.
1031 367 1033 376 ⁴
1088 367 1151 440 ¹23
1269 399 1279 414 2

202 498 328 576 mut
346 491 501 577 ueneat
520 500 669 576 tntum
688 500 871 592 declinari,
883 527 960 578 cum
973 463 1089 577 tunna
1102 503 1155 578 es·

201 613 272 690 sent
293 644 426 708 macer,
452 619 563 700 sacer,
590 634 703 690 tener:
733 620 770 692 δι
795 619 1156 710 macerrimurdtcer·

196 733 322 826 rimus,
338 736 557 811 tenerrimust
573 759 644 809 non
668 736 893 832 discreparent
913 736 949 808 in
972 736 1063 828 heis,
1083 765 1156 812 ma·

196 851 291 926 ctior
300 907 314 943 ‚
329 855 368 929 dt
384 855 487 954 mugit
506 853 614 943 sacer,
633 855 672 928 dt
693 851 863 926 tenerior:
886 876 998 951 neque
1014 854 1077 928 alia
1092 853 1157 926 tri·

196 965 327 1067 syllaba
346 969 482 1062 tierent,
502 970 609 1061 &,fi
635 972 671 1044 in
693 970 764 1044 heis
786 970 1018 1046 dominaretur
1041 970 1158 1046 fimili·

196 1088 306 1181 tudo,
329 1090 533 1177 diceremus,
553 1112 591 1164 ut
614 1090 887 1180 candidiffimus,
908 1093 1157 1180 candidiffina,

198 1207 449 1303 pauperrimus,
471 1211 704 1307 pauperrima:
728 1227 767 1282 ut
789 1191 970 1302 candidus,
994 1210 1158 1303 candida,

75 1411 78 1418 .
197 1344 346 1419 ΡὸῑῑΡθῐ,
358 1351 515 1422 paupera.
532 1330 570 1401 dt
585 1349 623 1401 ur
643 1328 786 1401 dicimus
803 1328 941 1420 dodus,
959 1329 1078 1419 docta,
1094 1328 1156 1402 do·
1190 1412 1195 1422 ¹

197 1438 373 1533 uiffimus,
387 1445 589 1520 dodiffima:
609 1446 655 1521 {ic
676 1446 882 1536 diceremus,
898 1446 1156 1546 frugaliffimus,

195 1553 553 1659 frugaliffima,frugus
573 1564 611 1636 δι
630 1562 735 1657 fruge.
749 1563 795 1634 Ea
818 1562 842 1633 sr
861 1561 1088 1660 proportione
1102 1562 1156 1635 es·
1240 1599 1242 1606 ·

196 1670 269 1745 sent
292 1676 420 1762 verba,
447 1694 486 1744 ut
513 1676 781 1747 uno-vocabulo
806 1675 947 1752 dicimus
977 1680 1091 1752 virum
1116 1680 1157 1754 &
1280 1685 1285 1694 ’

196 1787 378 1862 mulierem
396 1788 602 1883 sapientem,
625 1791 662 1865 dr
685 1789 899 1887 diligentem,
916 1794 955 1866 δι
977 1792 1158 1889 sapientio-

195 1927 290 1995 rem,
306 1908 345 1979 δι
369 1905 647 2004 diligentioremt
672 1907 718 1979 fic
745 1907 932 1980 diceremus
948 1906 1053 1997 irem,
1077 1933 1157 1981 cum

195 2022 453 2117 perveniremus
474 2023 518 2095 ad
543 2021 721 2098 summum.
742 2025 840 2123 quod
865 2023 1008 2099 facimus
1034 2025 1177 2126 alitertx

195 2166 272 2216 nam
294 2140 407 2216 virum
427 2139 570 2215 dicimus
589 2140 862 2237 sapientiffimum
882 2143 921 2216 dt
945 2141 1174 2241 diligentiffig

194 2281 288 2330 mum
300 2282 310 2329 t
323 2255 500 2345 feminam,
518 2254 786 2353 sapientiffimam
803 2261 841 2333 dr
857 2256 1154 2356 diligentiffimam.

195 2373 303 2465 Quod
318 2375 360 2447 ad
380 2372 630 2449 vocabulorum
646 2375 743 2466 hujus
762 2375 892 2473 generis
909 2375 1063 2470 exempla
1076 2398 1154 2471 per·

195 2489 305 2580 tinet,
326 2489 430 2566 multa
453 2492 528 2564 sunt
548 2489 690 2588 reliqua.
712 2490 768 2564 sed
788 2492 924 2577 eadem,
947 2514 1024 2587 quae
1047 2490 1154 2579 dieta,

165 2603 169 2612 ’
195 2608 238 2679 ad
260 2606 474 2702 judicandum
496 2606 571 2682 satis
592 2606 691 2696 sunt,
713 2606 810 2706 quod
830 2604 1002 2704 analogias
1023 2604 1060 2678 in
1077 2605 1155 2679 col·

193 2722 322 2800 latione
343 2724 527 2800 verborum
548 2723 639 2822 sequi
664 2748 735 2798 non
756 2726 925 2800 debemus.
943 2722 1152 2822 Magnitudi-

194 2844 247 2918 nis
265 2846 434 2921 vocabula
455 2870 531 2919 cum
555 2844 679 2941 poffint
697 2843 761 2917 effe
781 2865 898 2935 terna,
920 2866 958 2918 ut
981 2844 1082 2935 cista,
1103 2844 1153 2920 ci·

194 2959 295 3051 stulu,
314 2962 457 3037 cistella:
473 2962 507 3033 in
528 2959 647 3036 mediis
662 2984 733 3033 non
750 2941 846 3035 su'nt:
864 2959 953 3032 utin
973 2959 1065 3050 heis,
1079 2985 1151 3035 ma·

195 3101 270 3166 cer,
291 3075 708 3167 macrieolusfmacellus:
731 3076 847 3175 niger,
869 3074 1076 3173 nigricolus,
1095 3076 1151 3148 ni·

191 3189 309 3290 gellus.
332 3195 413 3266 ltetn
441 3195 579 3269 minima
604 3193 640 3265 in
663 3192 860 3289 quibusdam
885 3216 958 3265 non
982 3187 1083 3282 sunt,
1110 3199 1151 3268 ut

192 3302 299 3404 avis,
313 3309 465 3403 avicula,
486 3311 648 3387 avicellt:
676 3330 800 3405 caput,
825 3305 1033 3406 capitulum,
1055 3309 1150 3409 capi·

193 3427 323 3504 tellum.
351 3431 391 3501 ln
417 3430 483 3506 hoc
502 3454 623 3528 genere
643 3426 894 3501 vocabulorum
921 3426 1015 3525 quod
1044 3429 1151 3503 multa

193 3547 332 3637 desunt,
354 3546 534 3623 dicendum
553 3546 602 3620 est
623 3570 695 3619 non
716 3546 780 3620 effe
803 3545 840 3619 in
861 3570 928 3636 eo,
955 3544 1010 3620 sed
1034 3547 1151 3644 potius

193 3662 391 3761 sequendam
413 3663 708 3753 consuetudinem,
729 3687 829 3761 quam
845 3662 1023 3738 rationem.
1038 3662 1149 3756 Quod

193 3787 235 3860 ad
255 3784 506 3860 vocabulorum
526 3807 646 3883 genera
669 3799 832 3883 quattuor
859 3781 1024 3881 pertinet,
1047 3778 1146 3855 utin
