2834 4567
438 376 935 465 nnncunurn
1098 406 1178 487 ,η
1307 342 1312 355 ’

263 549 352 625 Nam
371 548 439 626 flue
458 549 518 626 illa
542 576 607 628 uec
635 551 732 627 cibus
751 551 918 652 potusque
943 550 1109 646 sumitur,
1132 573 1172 630 ut

204 655 365 752 vivarum
379 687 444 741 nec
468 662 731 753 concumbitur,
746 683 783 737 ut
802 663 980 763 generatio
1000 688 1173 763 propage·

204 782 270 839 rur.
296 793 374 843 cum
403 792 491 844 vero
521 769 700 868 praferrur
728 771 875 864 virtuti,
901 771 971 872 ipsa
1000 773 1172 871 appetitur

203 894 344 973 propter
362 877 396 953 se
409 876 526 977 ipsam.
546 880 665 956 Virtus
678 894 790 955 autem
812 881 1004 958 assumenda
1023 882 1173 958 creditur
1215 952 1220 967 ,

78 1046 82 1053 ,
202 987 474 1083 proprorillam,
495 987 613 1095 idest,
632 988 776 1064 utnihil
795 991 906 1067 virtus
926 1009 1026 1093 agat,
1044 990 1107 1065 nifi
1127 988 1217 1063 ad.
1287 1038 1290 1045 »

203 1096 504 1196 consequendam,
528 1099 585 1184 vel
607 1098 874 1177 conservandam
893 1100 1052 1200 corporis
1071 1098 1176 1175 volus

113 1239 147 1292 0·
203 1220 344 1301 ptarcm.
364 1233 443 1307 quae
471 1208 545 1284 vita
567 1209 733 1287 deformis
757 1210 805 1287 est
831 1210 991 1312 quidem,
1018 1209 1176 1311 (quippe

204 1312 264 1387 ubi
279 1315 388 1391 virtus
407 1315 512 1392 servir
529 1316 681 1417 domina
694 1318 868 1417 voluptati
879 1372 893 1410 ,
905 1318 1064 1420 quamvis
1074 1315 1176 1392 nullo

204 1423 313 1497 modo
332 1424 390 1499 hic
406 1425 551 1500 dicenda
571 1425 612 1499 fir
629 1423 783 1524 virtusz)
806 1426 860 1501 sed
878 1448 991 1503 rumen
1006 1425 1066 1501 ista
1086 1425 1176 1498 hor·

25 1516 33 1531 ’
121 1557 126 1564 ·
203 1528 312 1611 ribilic
329 1534 509 1632 turpitudo
526 1534 690 1632 quosdam
708 1534 942 1632 philosophos
956 1534 1177 1635 patronos&

203 1644 397 1719 defensores
411 1644 489 1723 suos
501 1646 632 1735 habuit.
650 1645 782 1719 Virtuti
798 1668 908 1741 porro
922 1645 1085 1742 voluptas
1096 1644 1177 1741 jun·
1224 1702 1234 1717 „

204 1753 318 1853 gine,
336 1756 477 1853 quando
497 1775 616 1831 neutra
635 1778 752 1829 earum
773 1771 916 1853 propter
936 1753 1100 1847 alteram,
1119 1752 1178 1828 sed
1222 1842 1225 1847 ¹

203 1881 348 1961 propter
370 1863 403 1938 se
422 1863 510 1962 ipsas
529 1864 639 1939 amba
657 1881 873 1963 appetantur.

251 1977 477 2077 Quapropter
491 1978 577 2054 ficut
597 1978 760 2079 voluptas
774 1976 833 2051 vel
850 1976 1004 2071 subdita,
1017 1975 1074 2055 vel
1087 2000 1177 2075 ρη-

204 2087 289 2173 lara,
310 2089 369 2163 vel
380 2087 493 2185 juncia
507 2089 654 2181 virtuti,
675 2110 744 2165 tres
761 2088 863 2164 sedas
875 2088 984 2166 facite
1000 2088 1178 2187 inquies,

206 2197 254 2273 ira
268 2216 474 2295 utrumque,
492 2197 539 2273 ita
552 2199 662 2298 prima
681 2217 830 2289 natura,
848 2198 931 2273 alias
950 2216 1062 2274 ternas
1073 2199 1178 2272 inve-
1236 2284 1239 2291 ,
1273 2221 1279 2233 “

135 2376 149 2409 ⁹,
204 2307 347 2380 niunrur
365 2307 512 2384 efficere.
531 2309 602 2381 Pro
620 2308 784 2383 varietate
804 2309 933 2407 quippe
950 2306 1177 2384 humanarum

204 2416 414 2514 opinionum
425 2416 546 2494 virtuti
559 2417 744 2518 aliquando
763 2415 973 2508 subduntur,
989 2414 1178 2515 aliquando
1223 2496 1230 2511 Ι

137 2604 141 2611 ,
205 2523 652 2627 praeferunnrr,aliquando
670 2523 872 2625 junguntur,
884 2550 924 2603 ac
935 2525 1179 2635 icadduode·
1204 2515 1210 2526 ’

206 2638 337 2711 narium
357 2636 519 2712 sedarum
546 2661 724 2712 numerum
742 2637 952 2735 pervenitur.
1137 2686 1142 2693 ·

253 2745 319 2820 Sed
328 2744 716 2846 istequoquenumerus
729 2746 934 2844 duplicatur,
945 2744 1095 2821 adhibita
1106 2769 1178 2820 una

207 2858 416 2949 differentia,
433 2859 567 2935 socialis
589 2856 749 2936 videlicet
771 2859 878 2934 vitae:
897 2859 1064 2960 quoniam
1083 2850 1179 2957 quis·

207 2970 284 3069 quis
300 2970 443 3047 sedatur
462 2970 611 3071 aliquam
628 2971 764 3046 istarum
787 2971 971 3048 duodecim
990 2971 1178 3061 sedarum,

207 3079 363 3179 profedo
382 3100 440 3157 aut
461 3100 604 3182 propter
623 3082 657 3157 se
675 3100 807 3157 rantum
828 3082 865 3156 id
883 3082 980 3180 agir,
1001 3079 1178 3175 autetiam

147 3196 157 3213 ⁸
206 3206 348 3291 propter
370 3192 529 3283 socium,
554 3191 612 3268 cui
637 3194 738 3271 debet
759 3193 831 3265 hoc
858 3188 1178 3287 velle,quods1bi.

206 3300 384 3394 Quocirca
411 3300 487 3375 sunt
512 3299 694 3377 duodecim
722 3322 871 3388 eorum,
892 3295 954 3395 qui
975 3317 1118 3396 propter
1142 3298 1178 3375 se

206 3409 449 3484 tantummodo
476 3406 752 3511 unamquamque
774 3405 955 3483 tenendam
982 3425 1124 3523 putam,
1139 3409 1179 3482 δι

204 3521 277 3595 aliae
302 3519 484 3596 duodecim
503 3521 715 3617 eorum,qui
738 3545 811 3594 non
838 3517 945 3607 solum
963 3536 1106 3618 propter
1124 3517 1177 3609 se,

205 3627 252 3705 fic
267 3625 707 3727 velficpiu'losophandum
720 3626 1063 3718 cffedecernuur,sed
1076 3626 1179 3702 eriam
1248 3650 1253 3669 ’

204 3728 621 3835 ρῐορῐέτειὶὶοε,φιοτιιω
631 3737 763 3810 bouum
776 3735 1178 3836 appeunqficursuum.

206 3848 260 3920 hae
272 3864 385 3922 autem
398 3845 492 3923 seua
506 3844 633 3948 viginti
644 3870 812 3948 quatuor,
822 3845 945 3949 iterum
963 3846 1179 3945 geminantur

648 4030 660 4073 Ι
