2834 4567
297 341 364 411 ¹62
632 333 924 408 NOTAE

293 497 384 577 urique
401 516 434 555 ea
457 491 592 589 retiiffume
607 494 685 577 senfi.
702 491 773 554 Haec
797 492 861 558 saue
878 513 935 553 non
954 487 1093 556 deteriora
1115 493 1178 562 sunt
1192 491 1264 559 alio·

292 599 356 638 cum
372 595 555 651 comnenus,
570 577 669 657 quibus
683 574 781 637 misere
796 575 870 634 hunc
888 574 981 635 locum
995 574 1142 638 loedarunt.
1166 577 1263 639 Ratio·

292 679 344 719 nes
365 675 458 720 autern
484 675 551 718 mox
573 656 718 719 reddendae
739 657 809 719 sunt.
832 654 966 720 Scitin.
990 656 1068 719 ldem
1087 660 1116 719 iu
1138 663 1263 743 margine

260 803 263 818 ,
289 762 343 823 pro
361 740 421 801 irem
436 739 546 800 exhibet
562 737 612 800 ita.
753 784 755 787 -

257 821 262 836 '
333 821 379 885 lm.
399 841 445 901 25.
463 817 580 902 Tefluque
599 837 668 879 meta
682 817 796 902 fernen]
815 817 904 901 Vulg.
923 817 1048 900 Tescaque
1063 821 1158 882 neira
1169 821 1264 902 sunm.

291 895 379 966 Error
401 902 497 975 fluxit,
519 902 631 983 quodd
654 919 793 962 mutarunt
814 903 842 960 in
884 946 891 960 .
916 899 978 961 Nos
1004 905 1128 963 durnefla.
1145 901 1187 965 Ita
1206 925 1265 964 vo·

292 985 413 1056 cabant,
426 1003 489 1064 quae
508 1005 581 1044 nunc
596 983 730 1044 dumeta:
751 981 845 1043 audior
866 924 969 1042 lienus.
985 980 1063 1043 Prius
1082 986 1155 1044 enim
1173 984 1263 1046 fuerat

290 1066 446 1138 dumiceta,
462 1062 525 1146 post
541 1064 689 1129 dumerta:
705 1085 735 1125 ur
752 1064 875 1137 saliceta,
889 1062 989 1128 salua.
1002 1062 1152 1127 Constituit
1168 1082 1264 1127 autern

291 1147 362 1209 fines
379 1145 474 1228 templi
489 1145 527 1205 sui
545 1147 669 1220 dumeta,
684 1147 733 1227 qui
746 1147 777 1208 dt
793 1145 929 1226 Vespices
945 1145 1126 1208 vocabantur.
1140 1143 1263 1229 Templi,

290 1229 394 1310 inquit,
411 1228 467 1288 mei
484 1225 554 1288 lines
570 1225 650 1287 sunto
667 1224 739 1299 tesca
760 1227 888 1300 dumeta,
905 1226 1000 1309 quoad
1021 1247 1075 1310 ego
1087 1249 1137 1289 eos
1155 1250 1263 1290 nuncu·
1305 1267 1312 1274 -

288 1329 407 1391 pavero:
421 1306 467 1374 Est
482 1308 559 1369 enim
574 1308 743 1384 adjeblivum
764 1306 858 1381 tesca,
872 1325 898 1367 ur
915 1329 983 1368 mox
1000 1309 1161 1389 aperiemus.
1179 1308 1265 1373 Sen-

280 1399 357 1466 1¹0·
387 1393 434 1471 qui
464 1393 557 1450 tamen
585 1387 681 1468 postea
706 1387 865 1454 sententiam
895 1388 972 1450 luam
994 1392 1122 1452 mutavit
1144 1388 1177 1452 ln
1200 1391 1264 1473 Ap·

290 1471 411 1556 pendice
432 1472 506 1532 enim
527 1471 562 1532 ad
583 1469 773 1544 Conjeblanea
794 1471 889 1531 suain
913 1472 969 1532 uit:
991 1468 1055 1532 Sine
1075 1472 1130 1532 ulla
1151 1472 1264 1553 prorsus

291 1552 461 1634 dubitatione
488 1553 531 1612 hic
555 1549 700 1637 legendum
725 1550 793 1625 est,
817 1491 924 1635 Templa
952 1552 1068 1635 referque
1092 1554 1175 1614 incita
1191 1555 1264 1635 surr·

291 1651 335 1709 eo,
355 1637 445 1716 quoad
462 1637 594 1716 ego'cafle
613 1634 707 1716 lingua
728 1655 922 1719 nrurcupavero.
944 1631 1021 1695 Nam
1041 1655 1075 1695 ex
1098 1634 1140 1695 his
1166 1656 1262 1697 corru-

243 1729 264 1756 e
288 1717 361 1797 ptis,
386 1738 425 1777 me
448 1715 506 1794 ira,
531 1719 640 1801 egregie
666 1715 751 1777 incita
774 1716 894 1798 corrigi,
914 1716 975 1797 quis
1002 1735 1059 1776 non
1081 1715 1180 1781 videt?
1210 1719 1263 1778 Ye-

283 1801 354 1880 βα,
380 1797 424 1860 seu
451 1799 581 1878 templa,
606 1799 668 1858 sunt
690 1814 821 1879 ptornota
848 1796 932 1878 usque
957 1795 992 1857 ad
1020 1795 1085 1858 suos
1111 1796 1202 1873 fines,
1224 1801 1262 1860 ita

290 1879 322 1939 ut
349 1879 461 1940 ulterius
486 1880 648 1960 promoveri
663 1900 720 1940 non
739 1875 848 1959 poffint.
871 1877 989 1959 Antiqui
1014 1880 1089 1940 enirn
1107 1877 1193 1956 fines,
1216 1878 1264 1942 seu

289 1963 443 2036 terminos,
470 1979 541 2041 quos
570 1961 688 2042 amplius
709 1980 878 2041 promovere
893 1980 951 2019 non
972 1957 1034 2036 est,
1058 1961 1154 2020 incitos
1171 1981 1263 2023 voca·
1290 1995 1295 2004 ν

289 2041 367 2103 bant.
387 2040 422 2103 Er
459 2044 484 2100 ui
499 2062 533 2101 eo
553 2041 653 2102 redadli
672 2059 765 2112 crant,
788 2058 818 2103 ut
838 2040 941 2101 nullum
963 2059 1068 2102 certum
1089 2062 1182 2102 rerum
1203 2040 1266 2103 lua·

288 2143 351 2183 rum
374 2062 519 2183 conlilium
542 2119 679 2203 repellere
700 2120 824 2203 pollent,
842 2120 879 2182 ad
901 2122 997 2184 incitas
1015 2123 1117 2183 tedabli
1132 2123 1263 2184 diceban·

291 2221 345 2266 tur.
368 2201 429 2264 Ubi
447 2203 663 2265 subaudiendum
682 2205 780 2264 lineas.
803 2203 971 2282 Metaphora
986 2205 1061 2266 enim
1079 2225 1097 2264 a
1113 2203 1179 2265 ludo
1194 2205 1266 2266 duo-

289 2285 384 2352 decim
412 2284 585 2366 scriptorurn.
617 2306 682 2348 nam
706 2307 770 2346 cum
796 2286 832 2347 ad
858 2286 982 2348 ultimam
1006 2285 1108 2345 lineam
1140 2287 1266 2366 promoti

191 2428 196 2435 ,
288 2384 367 2427 erant
380 2365 496 2440 calculi,
513 2383 573 2427 turn
592 2368 634 2440 is,
651 2370 730 2444 cujus
747 2363 891 2440 intererat,
906 2366 944 2430 ad
964 2367 1063 2427 inciens
1081 2366 1169 2427 lineas
1185 2368 1265 2428 reda-

289 2445 368 2521 dlus,
384 2447 480 2510 calculi
499 2469 569 2509 vero
583 2448 634 2530 ipsi
653 2449 729 2510 inciti
748 2448 927 2510 dicebantur:
950 2448 1028 2530 quod
1046 2465 1160 2510 annotat
1177 2447 1264 2511 ludo-

288 2550 344 2591 rus.
361 2529 446 2611 Apud
457 2527 575 2591 Graecos
585 2530 639 2591 alia
649 2550 708 2592 erat
720 2528 813 2591 tabula
824 2529 1005 2623 calculorumr
1017 2530 1122 2623 quippe
1138 2534 1264 2670 quinpue

200 2667 204 2676 .
287 2611 432 2686 linearum.
453 2609 549 2693 ltaque
566 2632 623 2672 non
641 2614 669 2672 in
689 2612 791 2672 ultimis
811 2612 887 2672 lineis
901 2629 978 2672 erant
998 2613 1073 2671 tucrti
1088 2612 1200 2684 calculi,
1226 2609 1263 2672 ed

287 2693 319 2754 in
336 2694 436 2754 media.
458 2691 557 2771 Quare
574 2713 639 2754 cum
654 2694 780 2756 alteruter
796 2715 831 2754 ex
847 2690 981 2754 lusoribus
997 2694 1144 2754 inincitam
1162 2693 1263 2754 lineam

287 2792 455 2856 cogeretur,
481 2792 546 2852 nure
568 2775 702 2837 movebat
723 2774 858 2835 calculum
880 2775 916 2834 ab
935 2773 1034 2835 eadem
1053 2775 1146 2836 media
1171 2774 1264 2852 linea,

288 2855 344 2920 hoc
361 2853 450 2915 uitro:
468 2853 534 2915 terrei
552 2859 600 2922 cir
614 2857 662 2933 ἀφ’
677 2854 769 2940 ieprie:
792 2877 856 2918 nam
874 2856 945 2917 linea
960 2854 1005 2917 illa
1024 2856 1175 2918 vocabatur
1191 2855 1264 2939 legi.

249 2971 250 2974 ¹
286 2931 398 2998 Plautus
414 2933 544 2997 Poenulu:

475 3017 701 3078 ——racirus
721 3035 778 3078 tace
798 3023 882 3080 medo.

332 3097 452 3179 Proseclo
465 3103 504 3160 cd
524 3099 620 3160 incitas
642 3099 757 3160 lenonem
774 3102 884 3182 rediget,
900 3100 930 3179 fi
939 3121 984 3161 eas
1001 3100 1152 3160 abduxerit.

332 3183 407 3261 Quin
423 3180 499 3263 prius
520 3181 671 3268 disperibit,
686 3179 780 3263 fixo,
801 3207 879 3263 quarn
899 3203 981 3242 unum
1000 3179 1096 3242 calcem
1122 3180 1223 3241 civerit.

290 3258 373 3324 Cave
389 3263 485 3322 calcem
505 3263 551 3324 hic
574 3283 627 3344 pro
652 3284 687 3325 ea
703 3281 779 3344 parte
805 3263 881 3345 pedis
905 3264 1043 3345 accipias,
1062 3282 1147 3345 quam
1168 3259 1265 3324 Graeci

289 3341 416 3425 πτέρναν
436 3362 549 3405 vocant.
568 3345 664 3405 calcem
687 3347 760 3405 enirn
779 3363 865 3406 vocat
883 3345 926 3405 hic
942 3346 1095 3419 calculum,
1111 3343 1264 3426 alluditque

288 3424 326 3490 ad
341 3423 539 3505 proverbiunl,
554 3428 629 3518 quod
648 3426 799 3507 usurpavit.
817 3425 853 3487 Er
866 3428 902 3486 ita
925 3424 1057 3487 Lucilius:

331 3506 529 3650 lchppemaclticm
545 3507 605 3569 licet
620 3511 674 3570 lraec
685 3554 696 3584 ,
709 3512 834 3591 inquam,
852 3509 1151 3589 alveolumqmpurare,
1172 3509 1200 3569 θ’

353 3610 370 3645 a
395 3609 562 3650 es.---
817 3649 826 3658 κ
1025 3611 1029 3619 ·

289 3665 368 3731 Nam
381 3668 469 3732 calces
486 3669 529 3730 bic
547 3669 658 3747 calculi,
674 3669 828 3734 manifesto.
843 3667 958 3742 Festus,
978 3668 1069 3734 calces
1091 3669 1199 3751 inquit,
1216 3670 1264 3751 qui

286 3774 336 3833 per
350 3752 548 3814 deminulionenr
557 3769 686 3834 vocamur
702 3754 809 3815 calculi.
825 3753 915 3813 Vides
928 3771 1014 3833 ergo,
1049 3751 1174 3815 uomodo
1183 3750 1265 3811 Plau.

291 3848 334 3896 tus
357 3832 454 3900 dixerit
471 3834 536 3898 ciere
556 3831 655 3913 takes,
686 3832 766 3902 rnen
790 3833 857 3900 coir
879 3830 1013 3900 reiron.
1060 3834 1126 3896 tire
1153 3832 1201 3896 bic
1218 3833 1265 3896 lo·
1324 3897 1328 3904 .
