2834 4567
198 398 209 425 x
322 348 327 353 ‚
419 274 939 411 resentirent..
1031 294 1134 424 ²361

153 516 156 524 ⁴
185 486 515 575 minereus'fieret,
533 484 758 581 iudicantibus
785 484 971 562 duodecim
986 484 1085 576 oin,
1108 486 1146 559 in
1170 480 1172 487 ’

184 629 229 676 eo
247 627 335 702 pago
354 601 410 674 sex
436 600 607 687 sententiis
631 596 802 672 absolutus
827 596 894 686 cll,
909 597 986 693 quia
1012 598 1070 669 ubi
1089 624 1147 693 pe·

184 715 231 788 ris
252 710 381 787 numeri
409 708 580 783 sententia
605 707 739 780 fuissent
761 742 775 794 ᾗ
794 707 950 802 praeponi
977 706 1146 781 absolutio

184 823 393 903 damnationi
416 821 554 894 solebat.
574 820 639 893 Sed
658 837 780 910 contra
800 818 917 906 islam,
940 844 1016 916 quae
1036 818 1147 891 multo

184 932 232 1004 est
252 931 396 1026 amplius
415 930 599 1018 celebrata,
613 927 838 1023 opinionem,
855 926 954 1000 aliam
978 928 1148 1025 quandum

186 1043 227 1113 de
247 1041 468 1115 obscurarum
490 1040 610 1114 notitia
631 1040 827 1127 literarum,
845 1037 976 1111 causam
1000 1038 1149 1112 nominis

185 1151 285 1246 hujus
306 1172 449 1227 conatur
469 1151 656 1238 adstruere,
670 1174 713 1222 ne
727 1154 934 1245 Areopagon
962 1147 1150 1221 Athenien·
1259 1246 1262 1254 ,
1285 1180 1286 1187 ¹

186 1262 236 1335 ses
258 1262 300 1335 de
319 1262 459 1334 nomine
477 1261 647 1334 Martis&
663 1261 763 1357 pagi,
781 1258 872 1356 quast
891 1257 1007 1343 Martis
1026 1280 1150 1355 pagum

186 1372 373 1446 nominasse
392 1372 592 1445 credantur:
620 1372 656 1444 in
678 1369 834 1465 injuriam
860 1366 1019 1443 videlicet
1035 1366 1152 1441 numi·

127 1467 129 1471 ⁷
163 1466 166 1469 A
187 1510 290 1574 num,
310 1482 471 1580 aquibus
491 1482 595 1579 litigia
614 1483 670 1554 vel
694 1482 817 1574 judicia
831 1480 995 1555 ercislimat
1016 1481 1151 1567 aliena,
1244 1548 1247 1559 ,

188 1616 262 1664 non
281 1591 393 1663 minus
410 1593 479 1663 hoc
491 1644 502 1677 ,
514 1592 609 1687 quod
621 1591 662 1662 de
681 1593 790 1662 Marte
804 1588 1072 1676 dicitur,falsum
1085 1589 1150 1664 esse
1293 1608 1304 1619 ‘

188 1697 402 1784 asseverans,
419 1722 521 1795 quam
545 1697 651 1786 illud,
667 1698 762 1794 quod
790 1698 833 1769 de
856 1697 963 1770 tribus
987 1699 1170 1791 Duabus3·

189 1806 323 1883 Jnnone
336 1803 484 1891 scilicet,
499 1807 537 1878 δι
555 1803 710 1879 Minerva
728 1852 740 1889 ‚
764 1807 802 1879 δι
825 1806 1062 1901 Venere,quae
1086 1828 1153 1902 pro

190 1914 282 1991 malo
303 1936 405 2009 aureo
419 1911 641 2008 adipiscendo
662 1916 753 2012 apud
764 1913 911 2009 judicem
935 1913 1085 1987 Paridem
1110 1914 1153 1987 de
1185 1936 1188 1943 ·

191 2018 450 2117 pulchritudinis
479 2020 678 2097 excellentia
700 2021 836 2098 certasse
855 2039 1045 2097 narrantur.
1069 2024 1151 2095 libro

192 2133 343 2223 XVIII,
361 2158 429 2224 cap.
456 2158 505 2206 ro·
672 2212 676 2223 ,

662 2242 682 2283 4

94 2342 99 2441 Ἰ
239 2351 318 2423 Hoc
342 2350 453 2420 Varro
473 2365 512 2420 ut
534 2347 703 2439 adstruat,
723 2370 969 2425 commemorat
993 2350 1056 2425 alia
1079 2376 1152 2426 non

192 2459 305 2532 minus
333 2457 545 2533 incredibilia
565 2461 607 2531 de
636 2484 733 2555 maga
751 2459 809 2535 illa
827 2458 1060 2535 formosissima
1079 2462 1155 2535 Cir·

194 2593 256 2655 ce,
272 2593 348 2666 quae
362 2566 475 2641 socios
495 2592 634 2665 quoqne
653 2568 783 2668 Ulyssis
802 2570 945 2643 mutavit
963 2569 999 2642 in
1014 2569 1153 2660 bestias,

194 2680 232 2751 δι
255 2677 296 2749 de
317 2676 528 2768 Arcadibus,
549 2679 630 2777 qui,
658 2678 748 2752 sorte
768 2680 890 2769 duda,
905 2679 1155 2754 transnatabant

194 2785 365 2881 quoddam
384 2785 556 2883 stagnum,
569 2805 668 2883 atquc
681 2786 729 2860 ibi
747 2790 1036 2863 convertebantur
1055 2788 1090 2860 in
1103 2787 1157 2862 lu·
1257 2874 1259 2879 4

195 2922 285 2994 pos,
309 2902 347 2972 bc
370 2924 446 2997 curn
465 2898 627 2971 similibus
640 2896 719 2971 serie
731 2923 791 2995 per
815 2897 905 2972 illius
927 2898 1156 2996 regionisde·

192 3002 283 3081 serta
297 3007 483 3081 vivebantr
500 3008 524 3079 fi
542 3032 627 3081 vero
645 3034 745 3082 carne
759 3009 972 3085 vescerentur
989 3010 1154 3099 humana,

195 3111 307 3189 rursus
325 3111 399 3207 post
417 3137 546 3191 novem
559 3138 689 3203 annos,
703 3117 824 3189 eodem
842 3133 993 3188 renatare
1016 3110 1156 3208 stagno,

196 3217 467 3292 reformabantur
486 3221 523 3293 in
541 3221 709 3295 homines.
732 3221 893 3318 Denique
914 3219 1015 3293 etiam
1042 3220 1156 3297 nomi·

196 3330 303 3403 natim
326 3331 483 3426 expressit
502 3333 669 3432 quendam
699 3332 959 3418 Demaenetum‚
986 3356 1063 3405 curn
1092 3358 1186 3433 gu·¹

158 3488 161 3505 .
197 3439 304 3515 slasset
324 3439 364 3511 de
377 3436 541 3513 sacrificio
554 3492 565 3527 ‚
580 3439 675 3535 quod
694 3439 1051 3529 Arcades‚immolato
1073 3468 1157 3539 pue·
1231 3447 1233 3451 ’

197 3572 264 3636 ro,
283 3549 364 3622 Deo
392 3548 453 3638 suo
478 3551 609 3648 Lycaeo
640 3546 750 3619 facere
776 3546 948 3637 solerent,
974 3550 1011 3623 in
1038 3551 1166 3647 lupum

101 3712 110 3725 ,
198 3656 504 3749 fuissemutatum,
530 3658 568 3733 δι
585 3679 678 3729 anno
701 3655 837 3741 decimo
857 3658 892 3729 in
914 3656 1054 3757 figuram
1076 3684 1156 3753 pro·

56 3794 66 3831 r
198 3769 305 3869 priam
330 3769 540 3864 restitutum,
560 3770 601 3842 ad
618 3769 816 3873 pugillatum
842 3770 874 3848 se
894 3768 1099 3862 exercuisse,
1117 3771 1157 3847 δι
