2834 4567
346 323 414 398 DE
436 323 610 426 trucul
635 321 804 394 LATlNA
829 323 907 395 ΗΒ.
932 325 991 395 tv:
1096 348 1139 420 23

184 508 255 582 gne
267 482 303 555 in
319 484 410 557 ludu
427 484 513 557 sada
528 482 612 557 avis
627 484 680 556 Sic
693 482 886 569 Galeritus,
900 486 936 556 δι
947 481 1143 556 Motacilla:

184 592 272 664 alter
282 592 422 689 ,quod
413 620 450 665 tn
466 592 571 689 capite
583 595 682 665 habet
697 592 851 688 plumam
866 592 1008 675 elatam
1022 591 1143 681 altera,

181 704 286 799 quod
301 701 429 799 semper
446 724 565 777 movet
583 703 731 776 caudam.
754 701 884 774 Merula
891 702 1016 798 ,quod
1031 726 1143 791 meta,

180 809 224 883 id
247 810 295 883 est
319 812 411 901 sula,
430 813 571 886 volitat.
591 832 711 884 contra
732 811 775 883 ab
801 833 844 883 eo
838 784 1027 898 Graculi,
1049 808 1145 905 q‘uud

180 919 371 1018 gregatim.
387 939 424 993 ut
447 920 582 1019 quidam
606 920 721 993 Graeci
744 935 785 995 ee
799 931 940 1015 γέςγεςι.
959 915 1144 1008 Ficedulae,

182 1032 230 1102 δι
247 1027 449 1117 Miliariae,a
469 1029 569 1104 cibo.
582 1029 679 1129 quod
698 1028 812 1101 alterae
836 1024 924 1116 fico,
945 1028 1058 1099 alterae
1078 1025 1144 1096 nri·

181 1135 240 1207 tto
260 1132 342 1209 fiant
361 1137 513 1236 pingues.
532 1137 740 1236 Aquatilium
763 1131 934 1210 'vocabula
950 1132 1147 1208 animalium

179 1245 310 1341 partim
333 1245 410 1321 sunt
436 1249 639 1338 vernacula,
665 1247 786 1345 partim
816 1246 999 1344 peregrina.
1027 1243 1145 1331 Foris,

178 1357 362 1446 Mutaena,
375 1361 470 1456 quod
487 1379 611 1457 pupule
622 1391 631 1434 :
644 1358 818 1459 Cybium,
834 1358 1028 1456 ThynnuS,
1048 1351 1145 1449 cujus

179 1463 267 1537 item
288 1487 398 1564 partes
416 1471 566 1562 Graeceis
589 1470 785 1545 vocabuleis
799 1494 939 1559 ornnes,
954 1486 991 1540 ut
1011 1466 1145 1538 Melan·

179 1575 280 1661 dria,
303 1598 404 1676 atque
428 1584 572 1652 Uraeon.
594 1580 772 1674 vocabula
802 1578 960 1675 piscium,
986 1578 1144 1673 pleraque

178 1684 343 1757 translata
356 1711 375 1759 a
389 1686 596 1758 terrestribus
607 1711 617 1755 t
630 1710 673 1757 ex
687 1687 797 1783 aliqua
812 1707 905 1781 parte
919 1686 1079 1760 fimilibus
1091 1709 1145 1756 re·

179 1794 272 1866 bus:
287 1813 325 1866 ut
347 1793 520 1891 Anguilla,
544 1794 750 1893 Lingulaca,
769 1796 956 1868 Sudisxalia
975 1820 994 1866 a
1015 1793 1145 1867 colori·

179 1907 271 1992 bus,
293 1922 332 1976 ut
352 1904 449 1993 lraec,
470 1904 619 1995 Asellus,
638 1903 788 1993 Umbra,
810 1903 968 1976 Turdus:
986 1901 1084 1974 aliaa
1107 1901 1145 1975 vi

103 2031 109 2046 ’
180 2012 350 2111 quadarn,
367 2028 404 2082 ut
421 2011 513 2100 haec,
526 2014 658 2107 Lupus,
676 2011 858 2099 Canicula,
872 2010 1046 2107 Torpedo.
1060 2013 1146 2082 ltern

143 2187 151 2202 .
181 2126 221 2198 in
238 2119 1145 2221 conchylieisaliquaexGraeceis:utPeluris,Ollrea,

183 2233 345 2307 Echinus
370 2231 552 2306 vernacula
571 2232 612 2304 ad
636 2231 906 2308 similitudinem:
922 2251 961 2305 ut
982 2233 1145 2323 Surenae,
1176 2321 1178 2324 ¹

184 2339 399 2428 Pediunculi,
414 2342 560 2438 Ungues.
581 2342 667 2414 Sunt
687 2343 789 2415 etiam
803 2341 959 2414 animalia
978 2340 1014 2413 in
1032 2366 1142 2442 aqua,

188 2477 266 2551 quae
277 2453 444 2526 interdum
457 2454 493 2525 in
506 2472 628 2526 terram
641 2473 785 2528 exeunt:
795 2454 857 2527 alia
871 2452 1020 2527 Graeceis
1034 2478 1143 2528 voca-

188 2562 315 2650 buleis;
335 2582 374 2636 ut
398 2562 572 2663 Polypus,
595 2564 889 2661 Hippopotamus,
916 2563 1144 2639 Crocodilus=

188 2673 252 2747 alia
264 2671 427 2761 Latineis,
441 2694 479 2746 ut
492 2674 609 2763 Rana,
622 2677 732 2763 Anas,
748 2678 896 2773 Mergus.
910 2699 928 2746 a
942 2696 1013 2769 quo
1027 2672 1140 2750 Graeci

188 2808 244 2869 ea,
262 2807 338 2880 quae
356 2781 391 2853 in
412 2805 509 2879 aqua.
523 2784 561 2857 δι
584 2801 672 2856 terra
693 2781 831 2879 poffunt
851 2781 991 2867 vivere,
1013 2801 1141 2855 vocant

189 2903 319 2983 ἁμφίβιι.
342 2891 370 2961 Ε
392 2889 487 2989 queis
506 2891 603 2963 Rana
620 2892 662 2963 ab
684 2891 740 2963 sua
758 2890 845 2964 dieta
867 2915 974 2964 voce:
990 2897 1099 2979 Anas,
1122 2915 1142 2963 a

191 3000 491 3096 nando·Mergus‚
511 3000 607 3097 quud
629 2999 865 3097 mergendoin
887 3024 1006 3095 aquarn
1030 3016 1141 3094 captet

189 3102 536 3180 escam.lternaliae'1n
550 3107 781 3209 hocgenerea
797 3109 966 3182 Graeceis·
979 3126 1015 3179 ut
1029 3107 1141 3198 Quer-

188 3215 353 3338 quedula,
367 3216 538 3308 Cerceris,
552 3218 704 3292 Halcedo
711 3220 828 3317 ,quod
841 3245 880 3291 ea
893 3217 1066 3324 Halcyon.
1079 3218 1141 3291 La·

188 3324 280 3413 tina,
301 3343 338 3397 ut
357 3325 528 3415 Testudo,
549 3327 644 3422 quod
662 3326 748 3399 testa
764 3327 889 3399 redum
909 3325 978 3396 hoc
997 3322 1142 3402 animal.

188 3432 331 3531 Luligo,
348 3432 442 3540 quod
468 3433 643 3524 subvolat,
660 3434 756 3508 litera
780 3450 1007 3521 commutata,
1027 3433 1140 3530 primo

189 3543 327 3640 Voligo
340 3527 388 3616 Ut
397 3543 560 3643 AEgypti
551 3571 585 3617 in
594 3542 735 3617 flumine
745 3542 954 3642 quadrupes,
969 3542 1038 3618 tic
1029 3569 1066 3616 rn
1080 3546 1141 3616 La·

187 3649 240 3723 tio
253 3649 417 3725 nominati
429 3649 536 3751 Lytta
555 3655 591 3727 δι
605 3651 712 3726 Fiber.
726 3655 848 3750 Lytra,
864 3653 958 3751 quod
973 3651 1142 3726 succidere

187 3757 312 3833 dicitur
334 3759 494 3835 arborum
515 3758 670 3836 radices
661 3787 696 3835 1n
715 3760 812 3858 ripa,
796 3781 926 3942 ,ειῐᾳέε
952 3785 1007 3834 eas
1026 3757 1166 3834 diffol

927 3895 958 3959 4
