2834 4567
196 307 201 322 ’
309 347 374 420 Da
400 345 578 419 mucul
604 344 774 418 mmuh
800 337 879 420 mu
904 348 965 422 ιν.
1066 409 1069 420 .
1098 359 1116 444 l

147 505 292 581 scrutari
313 505 447 580 facilius
462 505 613 604 origines'
627 506 774 604 parietur
787 509 980 581 verborum.
1004 510 1119 607 Repe·

145 615 215 722 riet
228 617 319 689 enim
336 616 401 689 elle
416 616 741 708 commutata,utin
761 615 990 713 superioribus
1001 617 1119 692 libreis
1163 649 1168 658 ¹
1224 681 1231 696 ,
1343 671 1346 680 .

145 725 304 816 ostendi,
317 726 630 826 maximepropter
645 725 698 799 bis
719 745 898 824 quaternas
913 726 1035 800 causas.
1059 729 1119 800 le
1161 773 1166 786 =

145 850 299 906 terarum
315 831 405 906 e'nim
417 830 465 906 fit·
476 834 674 924 demtloue,
688 852 746 906 aut
765 833 960 919 additione3
975 834 1015 907 &
1035 860 1118 930 pro·
1218 872 1225 882 ·

145 962 228 1041 pter
240 968 352 1016 earum
365 943 584 1017 arelationem
595 999 608 1034 ,
622 963 679 1017 aut
696 942 1023 1028 commuratlohem3
1037 943 1119 1018 irem

145 1054 357 1153 syllabarum
371 1056 642 1152 produffionem.
662 1057 754 1147 Quae
773 1053 937 1154 quoniam
960 1053 996 1124 in
1018 1053 1120 1148 supe·

143 1168 298 1241 rioribus
317 1168 454 1254 librels,
476 1164 665 1262 cujusmodi
687 1166 812 1253 effent,
833 1159 1119 1258 exempleis'satis

144 1276 402 1365 demonstravi3
424 1276 500 1350 heic
522 1277 805 1351 commorandum
829 1274 893 1346 elle
914 1273 1021 1346 modo
1043 1297 1118 1345 nou

144 1389 277 1487 putavi.
298 1391 402 1463 Nunc
419 1390 629 1488 langulorum
644 1387 833 1461 verh'orum
848 1385 997 1484 origines
1010 1379 1118 1482 ex'pe'-
1143 1479 1147 1500 l

144 1501 245 1576 diam.
268 1527 419 1602 quorum
444 1522 593 1599 quatuor
609 1499 801 1597 explicandi
817 1499 946 1599 gradus.
967 1497 1118 1590 Primus,

144 1614 182 1687 iu
200 1640 273 1711 quo
288 1614 438 1713 populus
452 1614 552 1685 etiam
567 1613 677 1685 venit.
697 1610 787 1703 Quis
803 1610 893 1681 enlm
912 1633 983 1682 non
998 1609 1116 1699 videt,

143 1725 239 1796 unde
272 1723 482 1809 aerifodlnae,
510 1724 549 1794 δι
581 1719 791 1792 viocurrus?
821 1720 1016 1809 Secundus,
1043 1743 1117 1815 quo

133 1831 365 1933 'grammatica
377 1828 546 1903 descendit
558 1825 698 1923 antiqua
710 1880 721 1914 ,
732 1850 808 1922 quae
821 1825 984 1914 ollenrlit,
995 1847 1118 1922 quem*-

145 1938 331 2014 admodum
343 1937 508 2036 quodque
518 1955 621 2032 poeta
633 1934 775 2008 verbum
789 1931 1009 2021 confinxerit,
1023 1932 1120 2030 quod

148 2046 335 2123 declinarit.
359 2046 451 2120 Hinc
464 2044 653 2131 Pacuvius,
673 2042 945 2133 rudeurifibilm,
967 2045 1048 2148 hine
1063 2045 1120 2120 iar-1

146 2147 423 2236 curvlcervicum
444 2178 567 2251 pecua,
581 2153 663 2228 hinc
684 2153 868 2252 chlamyde
890 2154 1026 2251 clupear
1041 2153 1118 2226 bra·
1235 2173 1238 2184 ·

147 2269 273 2344 chium.
293 2269 432 2342 Tertius
449 2268 591 2367 gradus,
606 2271 680 2365 quo'
700 2263 919 2362 philosophia
932 2265 1117 2356 ascendens

144 2377 325 2476 pervenit:
343 2401 442 2476 arque
456 2380 496 2450 'ea
507 2431 519 2467 ,
530 2400 609 2473 quae
624 2376 661 2446 in
677 2373 924 2448 consuetudine
937 2374 1117 2448 communi

146 2485 272 2575 allent,
285 2483 414 2583 aperire
433 2484 562 2582 coepit,
578 2501 617 2556 ut
637 2509 656 2555 a
676 2507 747 2580 quo
770 2482 893 2553 diuum
915 2481 992 2554 ellet
1011 2483 1116 2579 oppi·
1174 2515 1180 2538 ι

137 2597 227 2671 'dum
238 2647 249 2687 ,
262 2595 384 2685 uicus,
398 2595 465 2669 uia.
489 2596 664 2690 Quartus,
680 2593 740 2665 ubi
754 2592 801 2664 est
817 2590 944 2681 aditus,
960 2595 997 2668 &
1018 2591 1117 2667 initia

144 2707 234 2807 regis
249 2729 345 2804 :quo
359 2704 381 2778 fi
397 2729 469 2777 non
488 2704 706 2802 perveniam,
727 2702 898 2777 scientiam
914 2704 955 2776 ad
975 2701 1116 2801 opinio·

144 2845 222 2893 nem
236 2818 444 2916 aucupabor.
467 2815 680 2917 quodetiam
697 2839 942 2912 nonnunquam
959 2814 993 2886 ln
1011 2813 1116 2888 salure
1154 2913 1157 2921 ¹

145 2930 259 3003 nostra
284 2928 387 3020 facit,
411 2953 489 3001 cum
516 2945 747 3026 aegrotamus,
764 2927 927 3023 medicus,
957 2926 1065 3022 Quod
1090 2921 1117 2998 sa

146 3037 311 3112 summum
333 3040 473 3138 gradum
501 3061 574 3109 non
600 3035 768 3134 attigero;
791 3057 904 3109 tamen
929 3034 1117 3109 secundum

145 3168 223 3218 non
244 3146 436 3241 praeteribo.
462 3146 571 3240 Quod
595 3169 668 3219 non
690 3141 798 3217 solum
817 3145 858 3218 ad
884 3143 1118 3240 Aristophanis

146 3255 414 3346 lucernam„sed
426 3257 527 3332 etiam
547 3260 589 3332 ad
607 3259 783 3333 Cleamhls
796 3257 987 3332 lucubravi.
1008 3253 1117 3331 Nolui

146 3367 319 3464 preterire
337 3392 421 3458 eos,
439 3369 498 3468 qui
521 3390 697 3466 poetarum
719 3366 827 3441 modo
849 3355 973 3457 verba,
986 3369 1034 3440 'ut
1051 3353 1117 3444 fini

146 3474 240 3567 flua,
268 3477 579 3575 expedi11n1.Non
605 3479 695 3552 enim
726 3475 905 3549 uidebatur
934 3478 1117 3550 consenta-

145 3610 244 3660 neum
259 3614 414 3687 quarere
427 3612 481 3663 me
500 3614 544 3664 eo
563 3588 600 3660 in
624 3589 734 3664 verbo
747 3642 757 3676 ,
771 3587 866 3685 quod
887 3583 1030 3660 finxillet
1045 3591 1117 3659 Em?

146 3697 246 3788 nius,
269 3699 399 3774 causam
419 3728 429 3774 τ
450 3700 647 3800 neglegere,
669 3700 765 3799 quod
791 3718 868 3773 ante
890 3724 951 3773 rex
975 3697 1117 3800 Latinus

145 3799 312 3882 finxiffer:
328 3833 404 3885 cum
419 3809 584 3910 poeticeis
599 3808 741 3883 multeis
751 3809 884 3884 verbeis
901 3809 1008 3909 magis
1022 3805 1116 3896 dele-g

1150 3351 1159 3386 l
