2834 4567
252 322 323 425 328
456 324 1026 417 M.TssurNTuvARtt0N18
1191 304 1202 313 ’

437 455 1036 555 rr.¹ru1tuur11vruuours

528 602 596 676 Dr
621 603 929 711 Puruosopept

621 729 859 804 LIBER.

234 924 236 929 ι
301 836 466 929 Quatuot
489 836 554 910 effe
574 838 750 935 quaedam,
776 846 852 939 quae
874 836 1032 914 homiues
1056 835 1125 912 fine
1149 861 1223 912 ma·

204 988 207 993 -
253 940 385 1039 gistro,
405 942 473 1015 fine
493 943 567 1015 ullu
589 944 753 1018 doctrina
774 944 1012 1037 adminiculo,
1028 943 1097 1017 tine
1120 942 1223 1016 indu·

254 1049 331 1124 stria
354 1050 412 1124 vel
434 1070 507 1126 arte
527 1053 695 1141 vivendi,
715 1079 794 1154 quae
811 1053 920 1129 virtus
935 1054 1076 1144 dieitur,
1089 1055 1127 1129 δι
1141 1076 1226 1152 pro·

254 1157 313 1232 cul
330 1158 438 1232 dubio
458 1161 617 1252 discitur,
634 1162 731 1236 velut
751 1165 948 1238 naturaliter
967 1179 1155 1261 appetunt:
1169 1178 1227 1235 aut

254 1269 493 1366 voluptatem,
519 1297 586 1370 qua
610 1272 852 1351 delectabiliter
883 1293 1047 1349 movetur
1068 1272 1228 1370 corporis

125 1456 128 1464 ,
155 1430 157 1435 >
256 1380 371 1453 sensus
381 1436 393 1471 ,
414 1401 472 1455 aut
490 1383 662 1480 quietem,
680 1410 747 1483 qua
762 1381 822 1476 fit,
839 1401 877 1458 ut
892 1384 1019 1458 nullam
1039 1382 1228 1458 molestiam

256 1488 396 1586 quisque
418 1491 577 1587 corporis
597 1491 763 1591 patietur,
776 1511 834 1566 aut
847 1513 1045 1592 utramque,
1059 1506 1164 1589 quant
1177 1512 1229 1563 ra·

256 1624 336 1672 men
357 1601 464 1675 unico
484 1602 625 1676 nornine
651 1603 840 1702 voluptatis
861 1604 1031 1702 Epicurus
1053 1601 1229 1700 appellar;

256 1727 315 1781 aut
337 1711 579 1788 universaliter.
596 1714 707 1788 Prima
727 1735 880 1805 nature,
894 1714 931 1787 in
957 1713 1081 1812 quibus
1098 1714 1138 1787 δι
1156 1710 1231 1786 haec
1300 1740 1305 1750 ’
1407 1682 1408 1739 ³

257 1823 358 1915 sunt,
376 1829 416 1902 &
430 1827 516 1920 alia,
529 1829 587 1900 vel
600 1827 635 1899 in
658 1853 828 1923 corpore,
839 1847 877 1899 ut
895 1827 1127 1905 membrorum
1144 1824 1231 1898 inte·
1348 1900 1363 1909 ,
1407 1878 1408 1891 1

257 1933 381 2027 gritas,
401 1937 439 2008 δι
463 1935 547 2008 salus
566 1957 668 2030 atque
687 1935 908 2008 incolumitas
921 1934 1014 2026 ejus,
1029 1934 1086 2008 vel
1108 1926 1144 2006 iti
1157 1933 1231 2007 aui·

258 2066 342 2132 mo,
361 2060 400 2113 ut
422 2042 498 2114 sunt
515 2067 553 2115 ea
565 2094 576 2130 ,
589 2067 669 2139 quae
690 2041 748 2113 vel
767 2041 959 2136 parva,vel
981 2038 1149 2136 magnain
1163 2039 1233 2112 ho·

117 2232 118 2237 ,
258 2150 390 2223 minum
410 2150 626 2245 reperiuntur
648 2147 803 2246 ingeniis.
824 2150 909 2223 Haec
928 2147 1030 2248 igitur
1055 2164 1232 2246 quatuor,

259 2260 296 2330 id
310 2259 357 2331 est
369 2312 381 2346 ,
395 2261 580 2356 voluptas,
595 2282 799 2358 utrumque,
809 2258 920 2357 prima
934 2276 1081 2347 uaturae,
1092 2256 1138 2331 ita
1154 2256 1232 2331 sunt
1264 2328 1266 2331 ,
1404 2346 1408 2359 Α

258 2367 294 2439 in
312 2368 434 2471 pubis,
450 2389 490 2443 ut
508 2368 567 2445 vel
588 2369 722 2461 virtus,
737 2394 839 2469 quam
865 2368 980 2467 postea
1003 2367 1157 2441 dodrina
1175 2369 1232 2440 iu-

259 2479 358 2574 serir,
379 2501 523 2581 propter
537 2482 612 2558 haec
638 2482 827 2581 appetenda
850 2482 909 2558 fit:
927 2500 988 2561 aut
1005 2480 1067 2555 ista
1090 2497 1234 2578 propter

157 2632 160 2639 =
216 2646 225 2664 t
256 2590 442 2685 virtutem,
460 2614 520 2668 aut
539 2612 682 2692 utraque
706 2611 848 2690 propter
869 2582 1006 2691 seipsa:
1024 2615 1064 2664 ac
1082 2614 1143 2686 per
1161 2591 1233 2665 hoc
1338 2602 1340 2615 '

258 2698 345 2777 fiunt
365 2705 447 2779 hinc
467 2704 650 2785 duodecim
664 2705 851 2803 sediae3per
864 2702 1050 2780 hancenim
1063 2699 1234 2776 rationem

128 2842 131 2847 Δ
171 2820 174 2826 ’
257 2812 398 2913 tingulae
410 2812 654 2911 triplicantur:
668 2816 765 2912 quod
782 2841 860 2889 cum
875 2814 912 2889 in
932 2837 1005 2888 uno
1022 2809 1235 2887 demonstra·

257 2928 369 3016 vero,
388 2924 525 3000 difficile
546 2950 619 3000 non
638 2920 729 3016 erir,‘
752 2923 787 2997 id
809 2925 845 2997 in
870 2921 991 2998 ceteris
1013 2919 1185 2995 invenire.

307 3036 397 3111 Cum
420 3061 506 3137 ergo
528 3036 692 3135 voluptas
716 3033 899 3133 corporis,
914 3030 1018 3105 animi
1040 3029 1163 3105 virtuti
1176 3046 1234 3104 aut

256 3146 429 3240 subditur,
442 3167 501 3226 eut
515 3149 712 3246 prefertur,
725 3165 785 3220 aut
800 3144 976 3246 jungitur,
990 3141 1156 3241 tripartita
1171 3165 1234 3218 va·

255 3257 363 3333 riatur
383 3259 579 3334 diversrtate
607 3257 781 3332 sedarunt.

304 3367 466 3441 Subditur
489 3388 602 3443 autern
619 3366 764 3457 virtuti,
781 3362 923 3466 quando
945 3362 984 3437 in
1005 3361 1099 3438 usum
1120 3358 1235 3435 virtu·
1321 3422 1325 3427 .

256 3474 299 3551 tis
315 3475 500 3577 assumitur.
521 3475 672 3552 Pertinet
693 3476 824 3578 quippe
841 3475 885 3549 ad
897 3472 1037 3550 virtutis
1057 3471 1234 3561 officium,

126 3636 131 3643 -
255 3589 296 3665 δι
322 3588 445 3664 vivere
467 3589 609 3687 patriae,
633 3591 842 3688 &propter
867 3583 1011 3684 patriam
1035 3580 1127 3657 filios
1150 3604 1235 3679 pro·

255 3720 391 3771 crearer
412 3722 563 3797 quorum
577 3715 736 3775 neutrum
757 3695 833 3772 fieri
848 3691 960 3795 potest
979 3691 1050 3767 fine
1074 3689 1234 3790 corporis

256 3812 448 3911 voluptate.
