2834 4567
256 281 331 436 ,ἶ
448 339 500 410 u.
522 336 743 410 rerer-:utu
767 335 1003 412 vauuours
1108 283 1111 292 ’

257 497 317 572 do.
340 497 446 583 Item,
467 493 652 568 Diabathra
674 494 712 567 in
737 494 877 591 pedibus
900 496 1062 586 habebat,
1083 497 1122 571 δε
1145 517 1217 574 erat

257 606 395 682 amiotus
410 589 584 704 epicroco.
598 610 792 704 Utrumque
814 607 1024 681 vocabulum
1045 610 1217 686 Graecum.

256 721 295 790 ln
312 701 550 792 Menaechmeis
561 715 685 805 Plauti,
702 719 794 788 luter
808 716 945 791 ancillas
959 716 1070 790 sedere
1082 716 1217 814 jubeas,

163 839 170 874 ²
255 828 367 928 lanam
387 852 511 903 carere.
527 828 618 901 Idem
643 827 690 899 est
709 828 778 901 hoc
802 830 945 901 verbum
966 827 1001 899 in
1023 829 1217 902 Cosmotrie

256 937 386 1013 Naevii.
406 935 531 1011 Carere
547 962 567 1010 a
592 937 762 1025 carendo,
779 935 874 1035 quod
891 960 966 1008 eam
986 957 1056 1009 tum
1075 954 1220 1035 purgant
1251 1032 1253 1035 y

256 1074 296 1123 ac
317 1043 512 1150 deducunt,
534 1067 574 1123 ut
598 1067 711 1121 careat
734 1046 901 1144 spurcitia.
917 1050 970 1119 Ex
991 1071 1062 1145 quo
1083 1047 1218 1120 Carmi-

255 1158 330 1229 nari
352 1155 474 1232 dicitur
497 1178 570 1230 tum
593 1157 688 1245 luna,
712 1181 790 1229 cunr
818 1174 909 1229 caret
929 1179 992 1248 eo,
1012 1156 1106 1253 quod
1125 1155 1161 1227 in
1177 1179 1218 1230 ea
1303 1221 1308 1234 .

254 1267 469 1365 estnequam.
483 1268 538 1341 Est
557 1267 650 1355 lana,
667 1292 769 1364 quam
783 1268 817 1340 in
831 1269 984 1343 Romulo
1000 1269 1141 1342 Naevius
1154 1295 1218 1365 ap·
1356 1353 1362 1363 ι

255 1376 359 1472 pellat
375 1375 520 1464 Oscam,
532 1377 576 1449 ab
590 1375 718 1449 Osceis.
730 1378 768 1449 ln
783 1375 899 1467 Persa,
913 1378 984 1452 lam
1003 1376 1063 1473 pol
1083 1375 1140 1448 ille
1160 1374 1216 1449 hic

104 1503 110 1544 ³
217 1573 222 1586 ι
254 1485 361 1558 aderit
383 1485 487 1558 creso
504 1508 675 1582 congerro
691 1508 796 1557 meus.
812 1485 994 1583 congerro
1009 1509 1029 1556 a
1044 1503 1156 1582 gerra,
1175 1484 1217 1555 &
1269 1493 1271 1496 ’

106 1619 113 1634 ·
254 1593 415 1668 Graecum
435 1591 504 1679 est,
522 1594 559 1666 δι
581 1594 616 1664 in
630 1592 748 1666 Latina
768 1593 878 1667 cratis.
898 1596 936 1664 ln
957 1589 1216 1681 Menaecbmeir,

254 1699 346 1773 ldetu
367 1699 451 1774 istuc
471 1700 564 1774 elicis
578 1701 808 1800 adscriptiveis
825 1702 898 1776 fieri
911 1704 954 1776 ad
970 1703 1139 1800 legionem
1157 1700 1216 1773 so·

215 1885 219 1890 ι
253 1810 313 1885 let.
331 1808 541 1906 Adscriptivi
557 1811 654 1899 dieti,
665 1812 760 1912 quod
778 1813 859 1884 olim
876 1814 1147 1887 adscribebantur
1163 1810 1218 1888 ine

258 1946 384 2010 ermes,
402 1923 460 2019 qui
481 1921 697 1998 succederent
718 1922 872 2010 armateis
895 1923 1075 2008 militibus;
1094 1922 1129 1993 id
1148 1922 1219 2009 est,

255 2028 281 2104 fi
305 2029 382 2126 quis
404 2051 524 2103 eorum
548 2032 733 2127 deperisset.
754 2035 790 2101 ln
812 2031 1040 2118 Trinummo,
1060 2031 1148 2101 Nam
1170 2028 1217 2101 il·
1240 2077 1243 2082 -

256 2139 328 2213 lum
341 2137 403 2210 tibi
419 2137 645 2212 ferentarium.
661 2165 679 2211 a
698 2138 857 2227 serendo,
876 2138 991 2226 idest,
1005 2138 1216 2228 inanem,ac

255 2246 326 2320 sine
351 2245 480 2318 fruuu:
505 2263 563 2319 aut
587 2248 682 2344 quod
702 2248 1034 2346 Ferentani-equites
1057 2248 1093 2322 bi
1118 2249 1217 2337 diui,

256 2353 316 2451 qui
333 2378 374 2427 ea
390 2355 497 2428 modo
510 2355 678 2430 habebant
694 2383 805 2447 arma,
817 2384 893 2455 quae
910 2359 1100 2451 ferrentur,
1113 2349 1150 2433 ut
1163 2359 1217 2456 ja·

255 2464 383 2538 culum.
406 2463 647 2560 Huiuscemodi
668 2468 797 2565 equites
822 2472 928 2565 pisios
949 2472 1022 2544 vidi
1042 2473 1077 2545 in
1098 2472 1216 2546 AEscu·

123 2601 129 2614 ¹
253 2567 334 2672 lapii
350 2575 420 2656 ade
437 2596 571 2668 vetere,
589 2581 626 2652 δι
645 2577 846 2654 ferentarios
866 2581 1061 2680 adscriptos.
1082 2583 1119 2654 ln
1140 2581 1216 2654 Fri·

254 2686 409 2778 volaria‚
423 2688 492 2761 Ubi
509 2689 628 2761 rorarii
646 2688 746 2764 estis?
762 2715 805 2763 en
824 2690 911 2767 sunt.
932 2692 991 2766 ubi
1004 2692 1079 2766 sunt
1092 2715 1215 2766 accen·

147 2811 153 2906 J
253 2794 300 2867 fi?
319 2818 409 2871 ecce.
427 2797 690 2873 Rorariidiffia
709 2826 809 2875 roret
829 2802 888 2900 qui
905 2804 1031 2877 bellum
1052 2802 1215 2882 commit·

253 2902 479 2990 tebantante'3
492 2905 571 2978 ideo
589 2910 683 3005 quod
699 2929 777 2984 ante
795 2930 909 3002 rorat,
922 2937 1022 3009 quam
1039 2911 1134 3009 pluit.
1148 2916 1215 2986 Ac·

97 2993 118 3122 θ’
253 3009 395 3100 censos,
408 3012 650 3090 ministratores
666 3018 757 3091 Cato
776 3018 840 3091 esse
853 3017 979 3093 scribit.
992 3018 1101 3120 potesi
1117 3019 1152 3091 id
1171 3021 1215 3092 ab

253 3122 417 3209 arbitrio;
436 3147 513 3196 nam
533 3125 611 3198 inde
631 3127 674 3199 ad
690 3127 867 3200 arbitrium
886 3126 983 3221 ejuS,
1001 3128 1095 3223 cujus
1113 3130 1215 3205 minu

253 3229 328 3304 sier.
341 3230 533 3330 (Pacuvius
547 3236 660 3309 Deum
673 3237 876 3335 triporrenta
890 3238 926 3311 in
943 3242 1132 3314 Mercatore
1146 3262 1213 3336 po·

254 3339 344 3437 nit.)
362 3344 450 3417 [dem
471 3344 506 3416 in
518 3335 742 3434 Mercatore,
761 3348 843 3421 Non
856 3347 919 3421 tibi
939 3348 1021 3425 isiuc
1037 3348 1141 3445 magis
1158 3347 1213 3418 di·

255 3449 348 3530 vidia
366 3451 435 3548 esi,
452 3478 552 3550 quam
565 3455 648 3527 mihi
661 3455 764 3528 hodie
782 3455 855 3530 fuit.
872 3459 944 3532 haec
956 3459 1071 3532 eadem
1089 3458 1124 3528 in
1141 3458 1213 3530 Co·
1242 3517 1245 3518 f

255 3557 392 3632 rollaria
416 3562 540 3635 Navii.
564 3565 707 3638 Dividia
735 3591 755 3638 a
780 3565 967 3660 dividendo
990 3567 1094 3653 dista,
1117 3565 1214 3660 quod

256 3666 396 3740 Divisio
407 3667 579 3744 vdistractio
593 3671 639 3744 est
653 3673 795 3762 doloris.
815 3679 930 3772 ltaque
946 3674 982 3747 in
1001 3674 1212 3752 Curculione

255 3772 325 3866 ait,
336 3776 400 3850 Sed
419 3777 501 3876 quid
517 3777 580 3852 tibi
599 3778 669 3856 esi?
686 3780 789 3856 lienes
805 3803 945 3879 necant,
961 3782 1211 3872 retruderent,
