2834 4567
254 403 257 424 ,
336 373 401 447 DE
427 371 603 447 Lindon
627 372 799 446 inmun
822 376 901 449 nm.
926 379 990 449 vt.
1097 404 1141 477 93
1242 365 1251 484 g

104 527 111 562 ¹
190 527 367 626 pulmones
385 529 619 617 distrahuntur.
633 533 670 602 ln
685 530 863 627 Phagone,
881 529 1002 605 Honos
1021 532 1144 633 synce-

187 641 274 713 raslo
291 642 388 737 perit.
402 640 637 740 Syncerastum
653 641 700 713 est
716 666 819 717 omne
835 643 983 717 edulium
999 646 1144 744 antiquo

186 751 359 824 vocabulo
384 750 745 825 Graeco.1nParafito
769 746 1069 850 pigro‚-Domum
1093 755 1144 830 ire

184 858 281 955 coepi
306 858 439 932 tramite
463 860 581 932 dextra
598 857 664 938 via·
680 860 857 934 Tramesa
879 859 1069 936 transverso
1089 863 1145 936 dt-

185 969 269 1041 ἃυε.
288 971 326 1039 ln
351 967 553 1066 Fugitireis,
572 973 661 1066 Age,
683 992 787 1067 euge,
806 970 933 1067 specta,
955 970 1035 1046 vide
1057 971 1146 1046 vibi·
1201 975 1205 982 '

185 1100 244 1149 ces
263 1095 411 1174 quantas.
428 1078 499 1150 Jam
514 1075 665 1172 inspexi,
682 1076 767 1175 quid
783 1077 893 1151 essent
911 1079 1066 1169 vibices,
1087 1080 1146 1154 alii

135 1255 146 1272 ,
184 1182 366 1256 excitatum
394 1182 591 1259 verberibus
615 1208 749 1281 corpus.
770 1189 808 1260 ln
822 1185 1032 1278 Cistellaria,
1060 1189 1146 1261 Non

185 1292 276 1387 quast
299 1311 336 1365 ut
360 1292 433 1367 haec
450 1292 525 1368 sunt
542 1293 639 1382 heic,
659 1294 795 1370 limaces
815 1294 941 1369 lividae.
967 1294 1144 1387 Limax,a

184 1400 289 1490 limo,
305 1402 464 1498 quodibi
483 1403 585 1478 vivit.
603 1385 836 1499 Dioliolares‚
853 1403 1060 1494 scaeniculae',
1077 1406 1145 1478 mi·
1164 1407 1166 1412 ’

185 1509 317 1582 raculae.
337 1509 566 1602 Diobolares,
585 1536 604 1584 a
623 1510 732 1586 bineis
749 1512 899 1585 oboleis:
920 1511 1146 1604 mannate,

184 1617 228 1689 ab
246 1618 359 1689 scaeno
374 1617 518 1715 nugario
541 1639 740 1714 unguento:
756 1617 947 1713 Mitaculae,
968 1646 988 1693 a
1006 1622 1142 1710 mireis,
1292 1645 1297 1656 ·

185 1726 223 1799 id
240 1727 288 1799 esl
303 1727 494 1802 monslreis.
507 1750 526 1798 a
540 1750 611 1822 quo
629 1726 743 1799 Adios
764 1727 833 1816 ait,
850 1729 1008 1810 Personas
1026 1732 1144 1820 dislor·

149 1873 155 1906 t
183 1854 238 1907 ras
255 1834 374 1907 oribus
390 1832 592 1921 deformeis,
608 1832 780 1908 miriones.
799 1835 946 1927 ibidem,
968 1840 1146 1930 Serantiae,

185 1946 379 2043 scrupedae‚
393 1946 594 2036 slritabillae,
604 1946 769 2021 Tantalae.
782 1948 836 2019 Ab
851 1948 1011 2024 screando
1027 1951 1145 2023 Seran-

109 2051 114 2064 “
185 2058 242 2130 tiae
253 2058 298 2132 sic
317 2055 532 2157 adsignificat.
551 2057 755 2172 Scrupedam
771 2058 927 2133 Aurelius
941 2059 1056 2137 scribit
1073 2065 1145 2132 Au·

184 2165 400 2264 scaripedam.
415 2167 590 2244 luventius
609 2169 761 2244 comicus
779 2170 912 2244 dicebar
932 2197 952 2243 a
973 2171 1145 2246 vermicu·

185 2276 224 2351 lo
240 2278 371 2375 piloso,
387 2277 447 2375 qui
464 2277 547 2353 solet
564 2276 628 2352 elle
645 2279 680 2353 in
697 2277 820 2353 fronde
838 2304 916 2354 cum
935 2281 1069 2356 musteis
1084 2305 1145 2377 pe·
1256 2299 1259 2308 ¹

185 2386 296 2462 dibus.
307 2387 509 2477 valeriana
526 2388 610 2483 pede
624 2413 661 2462 ac
677 2387 824 2486 scrupea.
849 2393 900 2461 Ex
920 2415 964 2462 eo
985 2391 1143 2465 abactio

186 2498 343 2596 politum,
354 2499 521 2574 lncuriosa
529 2499 645 2597 ltaque
653 2524 703 2588 es,
716 2500 934 2598 Menalippel
947 2501 1072 2594 Rejicis
1085 2505 1143 2579 abs

186 2625 220 2681 te
244 2608 466 2707 religionem?
492 2609 660 2706 scrupeum
687 2610 854 2706 imponas.
878 2612 1096 2705 Stritabillas‚
1124 2640 1144 2688 a

185 2715 382 2791 slritilando.
396 2719 532 2792 Stritare
546 2720 589 2791 ab
601 2742 666 2809 eo,
682 2720 741 2817 qui
760 2720 840 2793 sistit
857 2743 953 2819 aegre.
975 2724 1012 2794 ln
1028 2709 1143 2797 Aslra·

186 2826 248 2917 ba,
258 2826 393 2900 Adiosa
408 2851 578 2900 annonam
595 2828 687 2901 erili
705 2829 876 2904 concinna
887 2829 1000 2906 vireis.
1014 2834 1093 2910 ldeo
1105 2833 1143 2908 in
1167 2906 1170 2912 .

187 2937 375 3037 Sitelitergo
389 2940 477 3012 idem
492 2940 558 3029 ait,
573 2921 734 3014 Mulieres
747 2941 964 3018 uxorculavit
977 2968 985 3014 :
997 2967 1063 3039 ego
1074 2941 1143 3014 'no-

188 3043 247 3134 vi,
264 3044 334 3118 scio
352 3043 501 3126 odiosas.
521 3072 604 3143 quas
624 3045 669 3120 fic
687 3048 854 3121 Claudius·
870 3047 984 3120 scribit
1002 3041 1144 3120 actiosus
1296 3147 1298 3150 v

187 3153 405 3227 demonstrari
428 3155 676 3255 suspicantes,
697 3160 741 3233 ab
763 3158 894 3256 agendo
923 3154 1071 3228 aeliosas.
1094 3158 1144 3228 Ut
1279 3205 1282 3213 ,

186 3262 230 3362 ab
256 3287 323 3335 una
351 3261 525 3351 faciendo,
553 3265 729 3354 Faslios23
757 3267 801 3338 sic
825 3267 868 3336 ab
896 3289 963 3335 una
991 3265 1142 3359 agendo,

64 3453 67 3460 ¹
185 3366 329 3440 Aaiosae
346 3368 449 3442 diua.
462 3373 500 3442 ln
512 3369 688 3456 Cestione‚
704 3368 929 3458 Ceraslibola,
940 3388 978 3440 ut
996 3369 1037 3441 de
1052 3368 1142 3443 lum·

184 3479 232 3551 bo
257 3478 462 3554 obcaenabis.
478 3481 687 3553 -cerattibota
715 3479 851 3575 Opilius
873 3477 986 3572 scribit
1012 3481 1141 3556 circum

188 3590 392 3678 coxendices
408 3589 485 3662 sdnt
504 3591 623 3665 nobis:
640 3591 674 3663 id
685 3593 843 3664 Graecum
858 3588 904 3662 esl
918 3591 960 3662 ab
974 3591 1072 3685 hujus
1086 3593 1140 3664 lo-

186 3695 219 3768 ci
234 3697 379 3772 versuta.
395 3701 431 3770 ln
447 3698 665 3786 Neruolaria,
676 3698 858 3770 Scobinam
872 3724 935 3796 ego
949 3700 1040 3772 illam
1059 3701 1142 3771 adlu-

187 3824 260 3879 tum
279 3806 394 3883 adrafi.
409 3808 608 3902 Scobinam,
628 3834 648 3882 a
671 3807 783 3885 scobe.
800 3809 881 3885 lima
898 3812 988 3886 enim
1005 3809 1141 3886 materia
