2834 4567
244 375 294 443 ἠ’
586 365 879 447 NOT'AE

245 522 422 586 Troadibus:
440 522 485 589 ubi
506 525 625 589 cadaver
644 528 821 610 Astyauadlis
839 530 921 610 pueri
938 530 1024 591 lorum
1042 530 1162 594 defertur
1178 531 1210 597 in

244 607 349 688 clypeo
362 604 561 688 aTalthybio,
576 611 652 670 cuius
667 612 728 671 lraec
742 611 831 672 verba
845 613 920 691 apud
937 612 1024 694 ipsum
1033 614 1211 698 Euripidem:

280 687 407 773 'Enouore
424 696 527 769 irrepit,
548 688 723 765 κᾲπέλουσοι
738 690 908 774 τρώματα.

244 764 416 846 Scripserunr
433 788 525 833 autem
546 770 758 833 Andromedam
781 790 835 835 eres
856 773 952 835 summi
974 790 1065 855 poetae
1083 792 1210 839 veteres:

244 849 344 912 Livius
360 850 560 928 Andronicus,
581 850 704 924 Ennius,
716 853 818 916 Atriun
834 854 944 916 Tamen
959 856 1053 919 Atrius
1069 879 1131 918 raro
1145 879 1212 918 ver·

243 933 278 991 rit
294 931 412 1012 integras
433 934 540 995 fabulas
561 955 596 994 ex
615 935 755 995 veteribus
778 932 906 1012 Graecis,
926 936 974 998 sed
993 938 1028 999 de
1050 937 1099 999 suo
1114 938 1214 1003 edidit:

241 1013 420 1092 Argumento
439 1014 496 1090 est,
508 1016 755 1096 qnod'Annorum
771 1014 905 1098 judicium
920 1016 1021 1100 scripfir
1039 1018 1100 1100 post
1121 1018 1211 1080 Pacu·

243 1095 343 1164 vium,
355 1097 403 1175 qui
415 1101 476 1173 ejus
491 1097 610 1158 nominis
626 1097 740 1158 alteram
758 1119 792 1157 ex
801 1097 933 1180 lEschylo
952 1103 1049 1160 vertit:
1063 1105 1128 1162 item
1145 1100 1212 1162 Me·

243 1174 347 1249 uam,
362 1178 423 1256 post
446 1170 601 1239 Ennianam
620 1199 655 1239 ex
670 1176 799 1259 Euripide
822 1179 1008 1250 conversam:
1030 1179 1211 1262 Telephum,

246 1253 311 1334 post
327 1256 423 1335 iliam,
438 1280 522 1341 quarn
536 1280 570 1321 ex
585 1258 714 1341 Euripide
736 1279 849 1340 quoque
864 1260 937 1321 idem
953 1261 1058 1322 Ennius
1071 1254 1213 1323 mutuatim

244 1335 351 1398 suerat:
369 1338 401 1401 ἃ
417 1342 517 1402 multas
534 1341 607 1401 alian
625 1339 662 1401 lic
673 1341 706 1402 dr
725 1339 935 1402 Andromedam
956 1358 1025 1422 puto
1041 1364 1076 1403 ex
1090 1342 1158 1402 illius
1170 1345 1212 1400 in-

245 1419 381 1481 ventione
397 1421 472 1498 effe,
488 1442 547 1483 non
563 1442 657 1485 autern
669 1442 705 1483 ex
720 1422 813 1503 aliquo
826 1438 909 1503 poeta
926 1420 1039 1484 Graeco.
1055 1423 1130 1485 Livii
1140 1443 1212 1483 vero

244 1498 429 1565 Andromeda
442 1506 532 1586 potuit
546 1502 599 1566 esse
616 1506 794 1646 interpretata
806 1520 841 1563 ex
850 1502 999 1583 Sophocle.
1011 1503 1118 1568 Citatur
1133 1503 1211 1564 enirn

241 1579 285 1639 ille
302 1597 385 1662 poeta
405 1585 433 1644 in
450 1585 665 1648 Andromedan
702 1581 790 1646 olluce
808 1583 857 1647 lib.
882 1584 931 1661 X,
948 1584 1016 1647 item
1042 1584 1214 1667 Hesychio‚
1346 1570 1351 1577 ⁹

244 1680 319 1745 voce
332 1663 458 1747 nupero.
477 1669 613 1732 Scauro.

287 1752 336 1815 lin.
356 1774 403 1818 12.
422 1761 475 1819 Aa
489 1759 690 1837 cavationem]
712 1754 805 1838 Marg.
821 1753 1067 1839 &adpetitionem

284 1845 333 1909 lin.
358 1867 404 1931 13.
426 1853 517 1932 Quare
530 1869 560 1910 ur
573 1873 592 1909 a
608 1871 676 1910 cauo
694 1869 796 1919 cauea,
811 1846 839 1905 d·
852 1848 971 1929 cavile.]
988 1871 1070 1909 cauea
1084 1849 1214 1926 decula,

244 1945 401 1992 nonnemo
419 1931 556 1993 emendat.
574 1932 765 1993 Auuusunr.
782 1928 947 1989 particulam
962 1948 991 1989 ue
1006 1944 1075 2010 puto
1093 1951 1215 2009 vacare,

245 2008 279 2069 &
295 2009 333 2068 ita
346 2010 510 2094 legendum:
525 2013 616 2090 Quare
632 2033 650 2070 a
669 2030 852 2082 caudeam,
867 2012 894 2072 fr
908 2011 1011 2082 caullae,
1026 2012 1213 2088 &comedim

246 2108 347 2151 cunata
365 2093 468 2169 vellis,
481 2093 509 2152 de
523 2093 686 2153 cuvaedium:
708 2107 739 2149 ut
754 2111 846 2152 cavum
862 2093 899 2170 fir
918 2108 1018 2163 ortum,
1034 2093 1102 2150 unde
1125 2094 1213 2154 onnia

182 2224 185 2229 ,
245 2174 322 2265 apud
338 2174 481 2252 Hfiodum
496 2196 514 2232 a
530 2174 615 2234 caleo:
639 2178 758 2247 dravo,
773 2172 872 2233 celion.
891 2171 983 2234 Cauile
999 2171 1131 2233 mendose
1152 2196 1214 2235 nia·

244 2249 342 2313 ursello
356 2275 407 2335 pro
422 2256 515 2317 caulae.
530 2252 614 2317 Error
631 2275 665 2315 ex
682 2254 767 2316 vereri
781 2251 831 2313 scri
852 2270 920 2314 rura.
935 2250 1011 2312 Nam
1027 2250 1130 2323 Caullae
1147 2254 1214 2315 scri-v

244 2350 323 2412 pnun
341 2331 391 2395 fuit
410 2334 512 2416 duplici
527 2335 553 2408 l,
564 2352 596 2395 ur
611 2335 728 2398 Paullus.
745 2333 813 2397 lnde
830 2276 951 2395 lecerunt
968 2332 1078 2397 Cavile.
1103 2334 1213 2397 Varro-

244 2412 274 2470 ni
295 2410 396 2491 i‘cuun
420 2417 478 2478 caeli
497 2440 515 2479 a
531 2416 618 2481 Cavo
631 2415 781 2479 deducenti
797 2415 973 2497 adstipulatur
990 2416 1151 2489 Lucretius,
1165 2418 1215 2499 qui
1324 2458 1329 2463 ·

245 2490 313 2555 dixit
330 2498 431 2559 caulas
447 2500 560 2561 acheris:
575 2500 714 2562 Senum.

285 2588 332 2653 lin.
354 2610 400 2666 14
416 2593 572 2667 convallis,
590 2611 690 2655 cavera
705 2590 822 2669 veliin]
841 2587 983 2650 Postrema
996 2588 1053 2651 duo
1070 2591 1158 2653 verba
1170 2590 1216 2652 su·

245 2669 339 2750 spicor
351 2670 406 2734 elle
419 2672 568 2756 glollema‚
582 2696 665 2758 quare
679 2671 819 2736 censerem
830 2670 984 2732 inducenda
1000 2669 1063 2734 effe.
1078 2671 1216 2740 Sclulffl

245 2752 423 2834 Legendum,
443 2757 598 2830 convallis,
614 2753 773 2826 caveum&
793 2773 905 2826 cauum,
924 2751 1018 2827 ejedis
1033 2751 1209 2832 glossematis.

245 2833 362 2897 cavum
386 2835 460 2898 idem
479 2836 605 2900 Covurn.
623 2837 660 2897 ab
681 2857 716 2897 eo
738 2833 862 2895 Varroni
889 2832 1005 2906 cavea,
1037 2831 1160 2910 Caullae,
1180 2836 1213 2898 dc
1304 2820 1312 2847 ι

245 2915 409 2992 Convallis,
423 2917 502 3001 quasi
515 2939 587 2980 cava
604 2917 693 2979 vallis.
712 2914 803 2977 infra:
821 2912 878 2974 Sub
894 2917 962 2995 jugo
973 2913 1066 2975 medio
1085 2915 1214 2992 Covum‚

245 3020 304 3075 qno
322 2999 391 3059 bura
407 3015 532 3062 extrema
548 3001 640 3061 addita
659 2995 821 3078 oppiletur,
832 3015 952 3056 vocatur
966 2995 1111 3058 Covuma
1127 3018 1213 3062 cavo.

246 3079 358 3143 Festus:
377 3083 475 3144 atum
497 3081 599 3154 lorum,
614 3101 665 3161 quo
687 3074 841 3140 remobens
862 3098 918 3136 cum
929 3073 995 3159 jugo
1015 3076 1177 3155 colligatur,
1192 3099 1213 3136 o

245 3164 389 3225 cohibendo
404 3164 505 3226 ditium.
524 3162 638 3225 cunum
660 3174 752 3241 poetae
766 3156 863 3220 caeltnn
886 3157 1013 3220 dixerunt
1029 3180 1047 3220 a
1061 3143 1164 3235 cliuos,
1178 3179 1215 3221 eu
1314 3234 1323 3251 Ι

245 3264 305 3328 quo
322 3243 455 3326 putabant
475 3245 575 3305 caelurn
593 3240 647 3306 elle
662 3241 822 3302 formatum.
840 3237 960 3305 uinus:

452 3372 574 3388 --
600 3338 665 3399 itan
680 3336 730 3397 vix

287 3419 339 3479 Sol
352 3418 464 3483 mediam
488 3361 611 3504 complele
623 3420 714 3483 colum
734 3419 871 3480 terroribus
885 3416 951 3481 culi.
968 3416 1098 3507 Popilli

289 3514 349 3577 ead.
365 3514 408 3575 Ee
421 3536 511 3577 cavere
524 3513 677 3594 cautuae]
695 3511 742 3575 Al.
765 3532 869 3573 cavata
889 3513 1030 3576 counione.
1051 3509 1117 3574 Scio
1136 3512 1211 3594 apud

247 3612 356 3660 veteres
377 3594 554 3658 Cavirionem
574 3595 678 3656 dictum
698 3614 751 3674 pro
772 3596 918 3657 cautionee
942 3594 974 3655 &
998 3594 1036 3653 ita
1056 3588 1144 3673 pollet
1171 3593 1211 3653 le·

266 3680 296 3749 ',
316 3680 412 3740 Cavete
424 3678 577 3738 cavinione:
598 3695 629 3737 ut
644 3675 674 3736 id
689 3696 748 3737 non
766 3675 858 3757 inepte
882 3674 969 3737 videri
988 3672 1075 3755 pollet
1093 3673 1215 3753 usurpari

246 3696 354 3821 {litum
377 3759 407 3827 in
424 3757 555 3821 formulis.
573 3756 614 3819 At
673 3775 696 3817 ae
714 3756 788 3817 rutio
806 3755 865 3829 eu,
885 3773 915 3817 ut
932 3776 1032 3816 cavere
1048 3776 1066 3814 a
1080 3775 1152 3814 cavo
1167 3753 1216 3814 de-

243 3838 359 3906 dullum
379 3838 432 3907 fitl
455 3837 577 3904 Fonallc
593 3860 629 3904 ex
667 3838 691 3900 is
721 3837 829 3904 duabus
855 3838 974 3901 vocibus
998 3834 1156 3901 laciendum
1171 3857 1221 3908 cm,
