2834 4567
241 381 289 450 74
444 355 493 425 ML
518 350 735 425 TERENTsl
759 347 991 448 VARRONlS

239 536 352 600 aveo,
370 510 464 611 quod
486 508 620 585 auribus
637 531 782 582 avemus
800 505 925 580 discere
948 503 1083 602 semper.
1104 505 1198 604 quod

239 624 367 702 Ennius
386 622 523 697 videtur
542 619 686 720 et'yrnon
706 618 881 693 ostendere
896 617 983 691 velle
997 617 1031 690 in
1049 621 1197 691 Alexan·

150 774 157 785 ·
240 734 327 823 dro,
346 759 423 809 curn
443 732 511 822 ait,
529 730 728 805 Janrdudunr
754 730 796 801 ab
817 727 924 801 ludeis
945 726 1075 799 animus
1097 727 1199 825 atque

239 869 336 918 aures
355 865 480 933 avent,
496 839 596 915 avide
615 840 845 937 exspeslantes
866 838 1036 911 nuntium.
1055 839 1198 934 Propter

237 951 324 1026 hanc
345 951 474 1024 aurium
493 947 687 1021 ariditatem
713 949 839 1021 theatra
862 948 1043 1043 replentur.
1063 948 1116 1017 Ab
1140 970 1198 1018 au·

239 1059 368 1132 diendo
386 1059 488 1138 eriam
512 1056 708 1132 Auscultate
726 1056 934 1130 declinamus
941 1057 1063 1155 ¹'quod
1084 1055 1118 1126 lri
1140 1079 1197 1126 au·

229 1167 380 1242 ¹scultare
390 1168 572 1257 dicuntur,
586 1165 645 1264 qui
656 1166 797 1266 anditeis
809 1186 968 1262 perenna
985 1188 1057 1262 quo
1072 1164 1198 1238 dislurn

237 1295 371 1373 poeta,
385 1276 508 1364 audio,
527 1294 584 1349 aut
607 1276 770 1349 ausculto.
788 1275 908 1348 Literae
928 1271 1198 1348 commutatione

237 1386 360 1461 dicitur
373 1389 492 1476 Odor,
505 1386 595 1460 olor.
607 1386 687 1460 hinc
700 1386 801 1472 Olet,
817 1381 857 1460 δι
870 1385 1021 1459 Odorari
1031 1439 1041 1473 ,
1052 1387 1090 1459 δι
1105 1385 1199 1457 ollo··

237 1513 347 1588 ratur,
361 1496 401 1570 &
421 1496 541 1569 Odora
559 1517 621 1567 res.
640 1494 696 1567 Sic
709 1494 753 1565 ab
770 1517 854 1582 ore,
876 1494 962 1585 edo,
981 1493 1121 1582 sorbeo,
1141 1492 1197 1565 bi·

236 1603 304 1692 bo,
320 1624 420 1701 poto.
440 1606 515 1678 Edo
532 1629 551 1676 a
570 1605 697 1676 Graeco
717 1614 778 1682 ἔδω.
796 1603 887 1677 Hinc
905 1604 1118 1678 Esculenturn
1130 1657 1142 1691 ‚
1156 1603 1196 1677 &

235 1713 348 1801 Esca,
365 1715 482 1788 Edulia
495 1741 504 1788 ε
518 1715 660 1812 &quod
676 1716 797 1788 Graece
817 1729 977 1805 γεύεσθαι,
990 1713 1107 1787 latim
1119 1714 1196 1786 Gu-

236 1823 298 1898 sto.
312 1825 475 1915 Sorbere,
489 1827 568 1899 item
589 1825 760 1916 Bibere‚'a
775 1828 874 1899 vocis
893 1827 998 1900 sono:
1012 1846 1048 1899 ut
1068 1829 1194 1898 Ferve-

235 1959 273 2009 re
295 1962 433 2035 aquam,
449 1937 492 2009 ab
511 1936 582 2029 ejus
599 1935 647 2008 rei
669 1935 766 2008 simili
784 1932 906 2008 sonitu.
924 1937 977 2007 nb
995 1936 1109 2007 eadent
1131 1934 1195 2006 lin·

235 2072 300 2141 gua
318 2060 418 2133 πότω,
438 2046 532 2118 unde
552 2046 679 2132 Potio,
703 2043 792 2114 unde
818 2042 1006 2116 Poculunrr
1031 2042 1194 2132 Potatio,

236 2154 440 2249 Repotatio:
458 2152 572 2224 itidem
593 2152 737 2240 aureus,
751 2150 845 2244 quod
869 2150 907 2221 sat
928 2152 1089 2225 Graecum
1108 2150 1195 2225 anti·

235 2285 343 2359 quum
362 2284 435 2332 non
453 2275 492 2332 ut
513 2283 603 2353 nunc
620 2268 715 2360 φρέαρ
733 2256 867 2331 dicun
888 2260 917 2333 A
942 2285 1045 2333 manu
1067 2263 1195 2334 Manu·

234 2367 405 2466 pretium:
432 2367 667 2465 Mancipium,
689 2369 785 2467 quod
812 2394 913 2443 manu
941 2368 1078 2467 capitur.
1104 2372 1194 2445 Cuna

235 2474 345 2578 jungit
371 2477 482 2575 plures
507 2502 647 2569 manus,
667 2478 871 2573 Manipulus.
893 2482 983 2553 unde
1000 2479 1193 2576 Manipula·

235 2586 283 2659 ris
303 2587 419 2690 milet,
437 2587 527 2664 unde
547 2587 692 2663 Manica.
717 2589 957 2678 Manubrium,
975 2590 1071 2688 quod
1092 2615 1194 2664 manu

235 2715 399 2770 teneatur.
429 2697 631 2771 Manteliunr
654 2697 749 2797 quast
776 2699 1017 2791 manuteriunr,
1035 2700 1093 2774 ubi
1125 2726 1194 2773 rna·
1315 2692 1322 2708 ’

236 2829 300 2877 nus
325 2822 507 2903 terguntur.
531 2808 633 2882 Nunc
653 2807 797 2905 primurn
820 2834 944 2906 ponam
969 2811 1011 2883 de
1033 2808 1194 2887 censoriis
1266 2847 1275 2860 ·

229 2910 388 2986 tabuleis.
413 2912 481 2987 Ubi
505 2914 608 2985 noilu
632 2913 666 2986 in
693 2916 855 3013 templum
884 2916 1021 2991 censura
1046 2916 1193 3015 auspica-

235 3035 319 3108 tur,
342 3039 440 3117 atque
468 3020 509 3093 de
540 3021 628 3095 calo
660 3023 817 3095 nuntium
847 3024 939 3098 erit:
964 3027 1116 3122 praeoni
1149 3027 1194 3103 src

236 3130 425 3226 imperato,
451 3149 490 3204 ut
512 3132 609 3205 viros
630 3153 758 3224 vocet,
779 3135 888 3229 Quod
907 3136 1060 3226 bonurn,
1082 3136 1193 3211 fortu-

237 3257 376 3329 natum,
398 3238 546 3339 felixque
567 3237 773 3340 salutareque
797 3242 857 3316 siet
876 3244 1008 3340 populo
1034 3248 1196 3318 Romano

238 3347 446 3439 Quiritium,
459 3351 576 3448 reique
599 3350 745 3447 publicae
762 3353 882 3450 populi
904 3356 1050 3428 Romani
1073 3352 1194 3445 Quiri·

237 3454 347 3546 tium',
370 3456 540 3555 mihique,
563 3461 771 3559 collegaque
794 3485 891 3553 meo,
909 3460 1008 3551 fidei,
1023 3459 1194 3557 magistra·

237 3564 357 3684 tuique
378 3567 506 3641 aoslro.
524 3570 656 3643 Omnes
674 3572 845 3665 Quirites,
860 3575 1007 3670 pedites,
1026 3593 1193 3662 armatos,

90 3751 103 3770 χ
238 3676 478 3774 privatosque,
500 3699 675 3755 curatores
700 3683 852 3755 omniunt
878 3683 1050 3770 tribuum,
1075 3678 1195 3778 srquis

238 3812 304 3887 pro
323 3787 375 3881 se,
388 3789 458 3865 sive
475 3790 584 3865 altero
597 3791 668 3865 clari
688 3792 855 3870 rationem
876 3795 991 3894 volet,
1005 3813 1100 3871 voca
1113 3792 1194 3867 inli-
