2834 4567
174 397 180 416 “
292 386 360 459 DE
384 383 562 459 LlNGUn
590 380 770 456 LATINA
795 383 874 456 ΗΒ.
900 385 989 460 vlu.
1067 409 1130 479 14¹
1267 475 1270 481 ,

10 545 11 558 ’
161 546 227 622 tria
247 546 384 622 trnntite
399 544 531 644 potest,
546 545 584 619 &
598 513 678 618 isus
691 544 812 620 docuit
822 544 1054 621 discriminare
1067 550 1134 622 do·

10 699 11 706 ¹
163 662 231 736 &as
246 684 298 735 tes
313 658 356 734 ab
375 658 597 745 hominibus,
618 659 657 731 &
676 656 712 728 in
727 656 798 730 heis
820 683 946 733 marem
971 683 1011 734 ac
1033 661 1136 736 femi·

162 797 239 848 nant
250 771 298 844 in
321 794 437 860 mare,
456 771 496 845 δι
512 769 659 860 femina,
673 770 713 845 &
724 791 859 845 neutro.
874 772 996 870 Neque
1017 793 1136 851 natura

162 907 232 958 mas
252 883 387 972 tinniit,
402 908 511 981 neque
533 881 682 976 femina,
698 908 811 981 neque
832 904 975 960 neutra:
994 887 1034 960 &
1054 886 1136 961 ideo

162 1016 236 1066 non
261 991 385 1065 dicitur
409 989 581 1079 feminus,
602 990 753 1083 femina,
771 993 961 1069 feminum:
983 995 1030 1070 fic
1053 997 1137 1071 reli·

10 1131 12 1198 g
162 1127 243 1202 qua.
280 1106 392 1198 ltaque
426 1100 651 1200 fingnlatibus
680 1105 719 1178 &
745 1102 901 1180 secreteis
935 1108 1136 1184 vocabuleis

161 1210 322 1308 appellati
348 1212 444 1285 sunt:
466 1235 571 1309 quare
593 1212 629 1283 in
652 1211 777 1310 quibus
799 1213 901 1288 rebus
924 1239 997 1288 non
1017 1215 1137 1291 -subest

162 1321 280 1394 fimitis
300 1342 433 1411 natura,
453 1338 512 1395 aut
533 1321 629 1410 usus,
645 1320 681 1393 in
701 1322 774 1395 heis
794 1323 996 1398 vocabuleis
1017 1323 1135 1420 hujiis-

161 1432 298 1506 cemodi
324 1431 412 1505 tatio
430 1430 540 1529 quaeti
566 1454 638 1503 non
666 1423 778 1506 debet.
805 1435 898 1532 Ergo
920 1435 1072 1527 dicitur,
1095 1453 1137 1511 ut

162 1542 279 1616 surdus
305 1543 383 1633 vit,
409 1542 506 1616 surda
532 1542 679 1632 mulier,
695 1543 742 1617 fic
772 1542 908 1618 surdum
933 1545 1138 1634 theatrum

161 1652 262 1748 quod
274 1668 473 1723 omnestree
486 1650 529 1722 ad
542 1649 692 1721 auditum
705 1650 783 1722 sunt
801 1672 1018 1748 comparate.
1033 1655 1136 1729 Con-

10 1779 12 1798 ¹
160 1785 215 1836 tra
245 1783 350 1832 nemo
376 1757 460 1831 dicit
480 1756 678 1841 cubiculum
702 1755 858 1846 surdum,
878 1760 921 1832 ad
941 1761 1137 1852 iilentium,
1263 1828 1268 1834 .

10 1861 11 1940 ζ
163 1894 240 1944 non
261 1869 303 1941 ad
317 1865 479 1941 auditum.
494 1867 567 1939 atii
590 1865 769 1940 fenestram
785 1867 996 1958 nonhabet,
1014 1869 1139 1946 dicitur

33 2008 35 2011 ’
163 2002 317 2066 cacum,
330 1998 370 2050 ut
394 1998 506 2049 caecus
527 1979 565 2052 δι
582 2000 683 2051 caeca.
700 1977 796 2072 quod
811 1977 927 2049 omnia
940 1978 1074 2054 habent.
1086 1981 1137 2052 lu·

163 2115 263 2178 nien,
280 2086 405 2160 habere
424 2085 550 2158 debent
569 2111 700 2161 masne
729 2085 866 2160 femina.
887 2088 1024 2162 Habent
1049 2089 1139 2165 inter

164 2202 199 2278 se
221 2220 338 2274 natura
359 2199 527 2298 quandam
555 2196 752 2271 societatem
779 2219 897 2273 neutra
926 2226 1004 2276 cum
1035 2201 1136 2290 heis,

164 2311 262 2412 quod
285 2310 364 2416 funt
385 2306 517 2381 diversa
545 2331 617 2379 non
642 2306 732 2380 inter
754 2308 810 2393 se3
828 2309 994 2409 quodque
1009 2310 1051 2383 ‹le
1065 2310 1140 2418 heis¹

165 2443 333 2519 perpauca
351 2415 447 2507 sunt,
461 2440 538 2515 quae
555 2416 701 2489 habeant
714 2418 885 2513 quandam
903 2422 1138 2495 communita·

164 2553 247 2608 tem.
266 2531 336 2606 Dei
357 2534 394 2605 &
415 2531 502 2602 servi
524 2528 665 2603 nomina
679 2582 691 2618 ‚
707 2530 805 2628 qnod
831 2554 904 2603 non
931 2531 1012 2604 item
1031 2555 1070 2606 ut
1094 2532 1139 2605 li·

164 2644 245 2718 beta
266 2641 381 2716 nostra
403 2640 603 2730 transeunt,
624 2640 742 2713 eadem
765 2663 809 2712 ex
831 2640 952 2730 causa,
976 2643 1073 2740 quod
1094 2642 1138 2745 ad

165 2755 261 2828 usum
276 2753 417 2840 attinet,
430 2749 559 2823 institui
576 2774 664 2848 opus
683 2749 751 2823 fuit
770 2749 812 2830 de
827 2750 982 2840 libereis,
1002 2753 1044 2826 de
1056 2753 1139 2828 teli-

165 2864 262 2962 queis
275 2861 359 2935 nihil
371 2860 528 2934 attinuit:
549 2861 645 2959 quod
658 2853 694 2932 in
708 2858 833 2934 serveis
842 2861 1008 2959 gentilitia
1021 2883 1139 2938 natura
1185 2921 1197 2948 s

166 2998 240 3045 non
259 2972 365 3045 subest
382 2973 418 3043 in
441 2969 524 3043 usui
546 2971 583 3042 in
604 2968 748 3043 nostteis
766 2973 986 3064 nominibus,
1004 2973 1067 3070 qui
1083 2972 1139 3045 su·

165 3107 247 3177 niue
264 3082 301 3154 in
315 3081 414 3155 Latio
425 3135 439 3171 ,
458 3083 497 3155 &
519 3080 638 3170 liberi,
656 3081 847 3162 neceffatia.
867 3086 984 3179 ltaque
1006 3083 1054 3154 ibi
1074 3106 1139 3179 ap·

166 3211 262 3290 patet
286 3191 459 3289 analogia:
484 3217 524 3266 ac
549 3192 676 3268 dicitur
700 3175 885 3269 Terentius
904 3195 982 3283 vir,
1005 3194 1139 3266 Teren·

167 3304 214 3377 tia
244 3303 388 3390 semina,
418 3304 618 3378 Terentium
645 3329 771 3404 genust
796 3304 834 3377 in
869 3301 1139 3402 praenominibus

166 3415 247 3490 ideo
266 3439 339 3488 non
357 3412 396 3487 fit
412 3414 623 3514 item‚quod
637 3415 712 3489 haec
728 3414 878 3489 instituta
897 3415 940 3488 ad
961 3412 1056 3489 usum
1071 3415 1140 3493 fin·
1225 3493 1231 3503 ,

166 3523 314 3626 gnatia,
337 3524 464 3624 quibus
484 3525 756 3600 discernerentur
778 3524 921 3596 nomina
947 3524 1138 3622 gentilitia:

167 3655 238 3709 uta
256 3660 400 3710 numero
410 3635 866 3726 Primn,Secunda,Tertia‚
881 3636 1021 3729 Quarta.
1031 3639 1069 3710 ln
1085 3636 1139 3707 vi·
1161 3635 1164 3644 ’
1221 3713 1228 3736 s

168 3747 257 3839 reis,
277 3766 316 3822 ut
339 3746 532 3842 Quintius,
558 3743 703 3838 Sextus,‘
719 3747 897 3840 Decimus.
922 3747 970 3822 sic
997 3745 1040 3820 ab
1065 3745 1140 3820 aliis

170 3860 289 3951 rebus,
312 3884 391 3938 cum
411 3860 521 3939 'effen
545 3860 617 3935 duo
637 3859 817 3968 Ietentii,
836 3879 894 3935 aut
914 3859 1029 3959 plures
1040 3910 1053 3950 ‚
1072 3854 1139 3938 dis,
