<?xml version="1.0" encoding="UTF-8"?>
<!DOCTYPE html PUBLIC "-//W3C//DTD XHTML 1.0 Transitional//EN"
    "http://www.w3.org/TR/xhtml1/DTD/xhtml1-transitional.dtd">
<html xmlns="http://www.w3.org/1999/xhtml" xml:lang="en" lang="en">
 <head>
  <title>
</title>
<meta http-equiv="Content-Type" content="text/html;charset=utf-8" />
  <meta name='ocr-system' content='tesseract 3.04.00' />
  <meta name='ocr-capabilities' content='ocr_page ocr_carea ocr_par ocr_line ocrx_word'/>
</head>
<body>
  <div class='ocr_page' id='page_1' title='image "./mtervarronisdel00bipogoog/mtervarronisdel00bipogoog_0424.png"; bbox 0 0 2834 4567; ppageno 0'>
   <div class='ocr_carea' id='block_1_1' title="bbox 265 335 1013 436">
    <p class='ocr_par' dir='ltr' id='par_1_1' title="bbox 265 335 1013 436">
     <span class='ocr_line' id='line_1_1' title="bbox 265 335 1013 436; baseline 0.005 -25"><span class='ocrx_word' id='word_1_1' title='bbox 265 336 334 436; x_wconf 74' lang='lat'>380</span> <span class='ocrx_word' id='word_1_2' title='bbox 462 339 511 410; x_wconf 88' lang='grc' dir='ltr'>Μ.</span> <span class='ocrx_word' id='word_1_3' title='bbox 535 335 752 425; x_wconf 81' lang='lat' dir='ltr'>TERENTH</span> <span class='ocrx_word' id='word_1_4' title='bbox 779 337 1013 415; x_wconf 71' lang='lat' dir='ltr'>VARRONIS</span> 
     </span>
    </p>
   </div>
   <div class='ocr_carea' id='block_1_2' title="bbox 157 504 1222 971">
    <p class='ocr_par' dir='ltr' id='par_1_2' title="bbox 353 504 363 569">
     <span class='ocr_line' id='line_1_2' title="bbox 353 504 363 569; baseline 0 0"><span class='ocrx_word' id='word_1_5' title='bbox 353 504 363 569; x_wconf 81' lang='grc' dir='ltr'>Ι</span> 
     </span>
    </p>

    <p class='ocr_par' dir='ltr' id='par_1_3' title="bbox 157 602 1220 693">
     <span class='ocr_line' id='line_1_3' title="bbox 157 602 1220 693; baseline 0.004 -19"><span class='ocrx_word' id='word_1_6' title='bbox 157 682 163 693; x_wconf 26' lang='grc' dir='ltr'><strong>Α</strong></span> <span class='ocrx_word' id='word_1_7' title='bbox 239 640 240 647; x_wconf 43' lang='lat'>1</span> <span class='ocrx_word' id='word_1_8' title='bbox 311 602 501 677; x_wconf 81' lang='lat' dir='ltr'>Mezentius</span> <span class='ocrx_word' id='word_1_9' title='bbox 520 605 687 678; x_wconf 79' lang='lat' dir='ltr'>Hetruriae</span> <span class='ocrx_word' id='word_1_10' title='bbox 707 629 767 678; x_wconf 88' lang='lat' dir='ltr'>rerr</span> <span class='ocrx_word' id='word_1_11' title='bbox 791 603 955 678; x_wconf 79' lang='lat' dir='ltr'>auxilium</span> <span class='ocrx_word' id='word_1_12' title='bbox 976 604 1111 680; x_wconf 82' lang='lat' dir='ltr'>Rutulis</span> <span class='ocrx_word' id='word_1_13' title='bbox 1132 630 1220 680; x_wconf 86' lang='lat' dir='ltr'>con·</span> 
     </span>
    </p>

    <p class='ocr_par' dir='ltr' id='par_1_4' title="bbox 262 712 1222 812">
     <span class='ocr_line' id='line_1_4' title="bbox 262 712 1222 812; baseline -0.003 -29"><span class='ocrx_word' id='word_1_14' title='bbox 262 728 314 783; x_wconf 84' lang='lat' dir='ltr'>tta</span> <span class='ocrx_word' id='word_1_15' title='bbox 333 712 470 788; x_wconf 84' lang='lat' dir='ltr'>Latinos</span> <span class='ocrx_word' id='word_1_16' title='bbox 492 714 591 805; x_wconf 85' lang='lat' dir='ltr'>tulit,</span> <span class='ocrx_word' id='word_1_17' title='bbox 614 713 689 786; x_wconf 84' lang='lat' dir='ltr'>vini</span> <span class='ocrx_word' id='word_1_18' title='bbox 712 714 889 801; x_wconf 82' lang='lat' dir='ltr'>mercede,</span> <span class='ocrx_word' id='word_1_19' title='bbox 906 714 1084 812; x_wconf 81' lang='lat' dir='ltr'>quodtunr</span> <span class='ocrx_word' id='word_1_20' title='bbox 1106 713 1222 787; x_wconf 65' lang='lat' dir='ltr'>insa·</span> 
     </span>
    </p>

    <p class='ocr_par' dir='ltr' id='par_1_5' title="bbox 262 820 1209 971">
     <span class='ocr_line' id='line_1_5' title="bbox 262 820 1209 920; baseline -0.001 -27"><span class='ocrx_word' id='word_1_21' title='bbox 262 820 337 895; x_wconf 88' lang='lat' dir='ltr'>tino</span> <span class='ocrx_word' id='word_1_22' title='bbox 356 845 439 920; x_wconf 79' lang='lat' dir='ltr'>agro</span> <span class='ocrx_word' id='word_1_23' title='bbox 461 820 579 898; x_wconf 85' lang='lat' dir='ltr'>suerat.</span> <span class='ocrx_word' id='word_1_24' title='bbox 598 825 689 898; x_wconf 82' lang='lat' dir='ltr'>Plin.</span> <span class='ocrx_word' id='word_1_25' title='bbox 709 827 787 895; x_wconf 84' lang='lat' dir='ltr'>libro</span> <span class='ocrx_word' id='word_1_26' title='bbox 806 826 905 895; x_wconf 81' lang='lat' dir='ltr'>XIV</span> <span class='ocrx_word' id='word_1_27' title='bbox 910 875 922 914; x_wconf 88' lang='lat'><strong>,</strong></span> <span class='ocrx_word' id='word_1_28' title='bbox 939 851 1008 919; x_wconf 83' lang='lat' dir='ltr'><em>cap.</em></span> <span class='ocrx_word' id='word_1_29' title='bbox 1030 851 1075 916; x_wconf 58' lang='grc' dir='ltr'>ῳ</span> <span class='ocrx_word' id='word_1_30' title='bbox 1204 830 1209 839; x_wconf 71' lang='grc'><strong>“</strong></span> 
     </span>
     <span class='ocr_line' id='line_1_6' title="bbox 736 930 758 971; baseline 0 0"><span class='ocrx_word' id='word_1_31' title='bbox 736 930 758 971; x_wconf 73' lang='grc' dir='ltr'>Ι·</span> 
     </span>
    </p>
   </div>
   <div class='ocr_carea' id='block_1_3' title="bbox 152 1036 1323 3220">
    <p class='ocr_par' dir='ltr' id='par_1_6' title="bbox 152 1036 1323 2023">
     <span class='ocr_line' id='line_1_7' title="bbox 309 1036 1220 1126; baseline 0.012 -19"><span class='ocrx_word' id='word_1_32' title='bbox 309 1036 393 1112; x_wconf 89' lang='lat' dir='ltr'>Non</span> <span class='ocrx_word' id='word_1_33' title='bbox 409 1056 540 1113; x_wconf 86' lang='lat' dir='ltr'>rantum</span> <span class='ocrx_word' id='word_1_34' title='bbox 564 1037 712 1114; x_wconf 87' lang='lat' dir='ltr'>maribus</span> <span class='ocrx_word' id='word_1_35' title='bbox 733 1038 817 1115; x_wconf 82' lang='lat' dir='ltr'>inest</span> <span class='ocrx_word' id='word_1_36' title='bbox 832 1040 964 1126; x_wconf 84' lang='lat' dir='ltr'>semen,</span> <span class='ocrx_word' id='word_1_37' title='bbox 985 1039 1220 1118; x_wconf 82' lang='lat' dir='ltr'>verumetiam</span> 
     </span>
     <span class='ocr_line' id='line_1_8' title="bbox 261 1145 1220 1248; baseline 0.006 -31"><span class='ocrx_word' id='word_1_38' title='bbox 261 1145 417 1237; x_wconf 82' lang='lat' dir='ltr'>seminis,</span> <span class='ocrx_word' id='word_1_39' title='bbox 435 1151 473 1223; x_wconf 87' lang='lat'>&amp;</span> <span class='ocrx_word' id='word_1_40' title='bbox 492 1149 569 1222; x_wconf 89' lang='lat' dir='ltr'>inde</span> <span class='ocrx_word' id='word_1_41' title='bbox 591 1150 791 1248; x_wconf 81' lang='lat' dir='ltr'>plerumque</span> <span class='ocrx_word' id='word_1_42' title='bbox 812 1150 973 1247; x_wconf 80' lang='lat' dir='ltr'>matribus</span> <span class='ocrx_word' id='word_1_43' title='bbox 995 1150 1116 1224; x_wconf 79' lang='lat' dir='ltr'>similes</span> <span class='ocrx_word' id='word_1_44' title='bbox 1136 1175 1220 1246; x_wconf 85' lang='lat' dir='ltr'>pro·</span> 
     </span>
     <span class='ocr_line' id='line_1_9' title="bbox 152 1255 1220 1358; baseline 0.012 -37"><span class='ocrx_word' id='word_1_45' title='bbox 152 1314 155 1321; x_wconf 92' lang='lat'>.</span> <span class='ocrx_word' id='word_1_46' title='bbox 261 1273 437 1341; x_wconf 79' lang='lat' dir='ltr'>creantur3</span> <span class='ocrx_word' id='word_1_47' title='bbox 457 1255 512 1329; x_wconf 88' lang='lat' dir='ltr'>sed</span> <span class='ocrx_word' id='word_1_48' title='bbox 529 1281 645 1330; x_wconf 81' lang='lat' dir='ltr'>earum</span> <span class='ocrx_word' id='word_1_49' title='bbox 666 1256 778 1330; x_wconf 87' lang='lat' dir='ltr'>semen</span> <span class='ocrx_word' id='word_1_50' title='bbox 794 1257 951 1358; x_wconf 80' lang='lat' dir='ltr'>sanguine</span> <span class='ocrx_word' id='word_1_51' title='bbox 966 1257 1013 1329; x_wconf 85' lang='lat' dir='ltr'>est</span> <span class='ocrx_word' id='word_1_52' title='bbox 1030 1279 1220 1355; x_wconf 78' lang='lat' dir='ltr'>purgatum.</span> 
     </span>
     <span class='ocr_line' id='line_1_10' title="bbox 260 1365 1309 1466; baseline 0.008 -30"><span class='ocrx_word' id='word_1_53' title='bbox 260 1365 398 1462; x_wconf 81' lang='lat' dir='ltr'>quodsi</span> <span class='ocrx_word' id='word_1_54' title='bbox 418 1368 506 1441; x_wconf 72' lang='lat' dir='ltr'>reste</span> <span class='ocrx_word' id='word_1_55' title='bbox 526 1366 603 1442; x_wconf 86' lang='lat' dir='ltr'>cuni</span> <span class='ocrx_word' id='word_1_56' title='bbox 624 1367 718 1441; x_wconf 84' lang='lat' dir='ltr'>virili</span> <span class='ocrx_word' id='word_1_57' title='bbox 735 1369 879 1444; x_wconf 87' lang='lat' dir='ltr'>mixtum</span> <span class='ocrx_word' id='word_1_58' title='bbox 900 1369 960 1457; x_wconf 83' lang='lat' dir='ltr'>fit,</span> <span class='ocrx_word' id='word_1_59' title='bbox 975 1387 1115 1466; x_wconf 83' lang='lat' dir='ltr'>utraque</span> <span class='ocrx_word' id='word_1_60' title='bbox 1131 1392 1221 1443; x_wconf 85' lang='lat' dir='ltr'>con·</span> <span class='ocrx_word' id='word_1_61' title='bbox 1300 1412 1309 1423; x_wconf 93' lang='lat'><strong>·</strong></span> 
     </span>
     <span class='ocr_line' id='line_1_11' title="bbox 261 1475 1219 1576; baseline 0.005 -30"><span class='ocrx_word' id='word_1_62' title='bbox 261 1491 373 1562; x_wconf 82' lang='lat' dir='ltr'>creta,</span> <span class='ocrx_word' id='word_1_63' title='bbox 396 1475 551 1549; x_wconf 82' lang='lat' dir='ltr'>&amp;simul</span> <span class='ocrx_word' id='word_1_64' title='bbox 576 1478 754 1575; x_wconf 79' lang='lat' dir='ltr'>coagulata</span> <span class='ocrx_word' id='word_1_65' title='bbox 782 1478 1062 1571; x_wconf 79' lang='lat' dir='ltr'>conformantur,</span> <span class='ocrx_word' id='word_1_66' title='bbox 1088 1482 1128 1555; x_wconf 89' lang='lat'>&amp;</span> <span class='ocrx_word' id='word_1_67' title='bbox 1147 1478 1219 1576; x_wconf 87' lang='lat' dir='ltr'>pri·</span> 
     </span>
     <span class='ocr_line' id='line_1_12' title="bbox 262 1586 1219 1687; baseline 0.004 -29"><span class='ocrx_word' id='word_1_68' title='bbox 262 1609 355 1659; x_wconf 88' lang='lat' dir='ltr'>nrurn</span> <span class='ocrx_word' id='word_1_69' title='bbox 374 1586 512 1685; x_wconf 86' lang='lat' dir='ltr'>quidem</span> <span class='ocrx_word' id='word_1_70' title='bbox 532 1613 594 1664; x_wconf 88' lang='lat' dir='ltr'>cot</span> <span class='ocrx_word' id='word_1_71' title='bbox 610 1589 761 1664; x_wconf 79' lang='lat' dir='ltr'>hominis</span> <span class='ocrx_word' id='word_1_72' title='bbox 773 1587 1000 1687; x_wconf 82' lang='lat' dir='ltr'>confingitur,</span> <span class='ocrx_word' id='word_1_73' title='bbox 1016 1590 1112 1687; x_wconf 87' lang='lat' dir='ltr'>quod</span> <span class='ocrx_word' id='word_1_74' title='bbox 1123 1588 1219 1674; x_wconf 63' lang='lat' dir='ltr'>iuteo</span> 
     </span>
     <span class='ocr_line' id='line_1_13' title="bbox 261 1695 1323 1798; baseline 0.006 -27"><span class='ocrx_word' id='word_1_75' title='bbox 261 1695 302 1771; x_wconf 89' lang='lat' dir='ltr'>srt</span> <span class='ocrx_word' id='word_1_76' title='bbox 327 1701 365 1775; x_wconf 87' lang='lat'>&amp;</span> <span class='ocrx_word' id='word_1_77' title='bbox 386 1699 456 1774; x_wconf 86' lang='lat' dir='ltr'>vita</span> <span class='ocrx_word' id='word_1_78' title='bbox 478 1699 649 1793; x_wconf 84' lang='lat' dir='ltr'>hominis,</span> <span class='ocrx_word' id='word_1_79' title='bbox 669 1702 708 1775; x_wconf 88' lang='lat'>&amp;</span> <span class='ocrx_word' id='word_1_80' title='bbox 733 1700 914 1797; x_wconf 81' lang='lat' dir='ltr'>sapientia:</span> <span class='ocrx_word' id='word_1_81' title='bbox 937 1701 1083 1798; x_wconf 83' lang='lat' dir='ltr'>denique</span> <span class='ocrx_word' id='word_1_82' title='bbox 1109 1720 1222 1779; x_wconf 82' lang='lat' dir='ltr'>totum</span> <span class='ocrx_word' id='word_1_83' title='bbox 1320 1724 1323 1731; x_wconf 78' lang='grc'>’</span> 
     </span>
     <span class='ocr_line' id='line_1_14' title="bbox 261 1809 1218 1907; baseline 0.003 -26"><span class='ocrx_word' id='word_1_84' title='bbox 261 1832 350 1903; x_wconf 83' lang='lat' dir='ltr'>opus</span> <span class='ocrx_word' id='word_1_85' title='bbox 371 1809 628 1907; x_wconf 75' lang='lat' dir='ltr'>quadmgefimo</span> <span class='ocrx_word' id='word_1_86' title='bbox 653 1810 708 1883; x_wconf 92' lang='lat' dir='ltr'>die</span> <span class='ocrx_word' id='word_1_87' title='bbox 729 1810 993 1885; x_wconf 83' lang='lat' dir='ltr'>consummatur.</span> <span class='ocrx_word' id='word_1_88' title='bbox 1014 1810 1157 1887; x_wconf 70' lang='lat' dir='ltr'>Latiam.</span> <span class='ocrx_word' id='word_1_89' title='bbox 1181 1817 1218 1884; x_wconf 79' lang='lat' dir='ltr'>de</span> 
     </span>
     <span class='ocr_line' id='line_1_15' title="bbox 262 1922 664 2023; baseline -0.005 -31"><span class='ocrx_word' id='word_1_90' title='bbox 262 1922 397 2023; x_wconf 74' lang='lat' dir='ltr'>Opificio</span> <span class='ocrx_word' id='word_1_91' title='bbox 418 1922 508 2007; x_wconf 74' lang='lat' dir='ltr'>Dei,</span> <span class='ocrx_word' id='word_1_92' title='bbox 527 1946 596 2012; x_wconf 81' lang='lat' dir='ltr'>cap.</span> <span class='ocrx_word' id='word_1_93' title='bbox 616 1946 664 1992; x_wconf 77' lang='lat'>12.</span> 
     </span>
    </p>

    <p class='ocr_par' dir='ltr' id='par_1_7' title="bbox 416 2028 755 2067">
     <span class='ocr_line' id='line_1_16' title="bbox 416 2028 755 2067; baseline 0 0"><span class='ocrx_word' id='word_1_94' title='bbox 416 2040 421 2049; x_wconf 62' lang='lat'><strong>⁴</strong></span> <span class='ocrx_word' id='word_1_95' title='bbox 734 2028 755 2067; x_wconf 59' lang='lat' dir='ltr'>Q</span> 
     </span>
    </p>

    <p class='ocr_par' dir='ltr' id='par_1_8' title="bbox 261 2134 1219 2653">
     <span class='ocr_line' id='line_1_17' title="bbox 309 2134 1219 2231; baseline -0.004 -17"><span class='ocrx_word' id='word_1_96' title='bbox 309 2141 398 2215; x_wconf 85' lang='lat' dir='ltr'>Cum</span> <span class='ocrx_word' id='word_1_97' title='bbox 417 2136 542 2212; x_wconf 83' lang='lat' dir='ltr'>semina</span> <span class='ocrx_word' id='word_1_98' title='bbox 553 2135 640 2209; x_wconf 88' lang='lat' dir='ltr'>inter</span> <span class='ocrx_word' id='word_1_99' title='bbox 654 2134 687 2210; x_wconf 89' lang='lat' dir='ltr'>se</span> <span class='ocrx_word' id='word_1_100' title='bbox 706 2136 874 2231; x_wconf 79' lang='lat' dir='ltr'>permixta</span> <span class='ocrx_word' id='word_1_101' title='bbox 891 2136 1108 2227; x_wconf 83' lang='lat' dir='ltr'>coalescunt,</span> <span class='ocrx_word' id='word_1_102' title='bbox 1124 2137 1149 2210; x_wconf 88' lang='lat' dir='ltr'>si</span> <span class='ocrx_word' id='word_1_103' title='bbox 1165 2139 1219 2211; x_wconf 77' lang='lat' dir='ltr'>vi·</span> 
     </span>
     <span class='ocr_line' id='line_1_18' title="bbox 261 2243 1219 2346; baseline 0 -26"><span class='ocrx_word' id='word_1_104' title='bbox 261 2247 324 2322; x_wconf 81' lang='lat' dir='ltr'>tile</span> <span class='ocrx_word' id='word_1_105' title='bbox 347 2247 575 2346; x_wconf 81' lang='lat' dir='ltr'>superaverit,</span> <span class='ocrx_word' id='word_1_106' title='bbox 592 2243 680 2342; x_wconf 82' lang='lat' dir='ltr'>patri</span> <span class='ocrx_word' id='word_1_107' title='bbox 701 2244 817 2319; x_wconf 81' lang='lat' dir='ltr'>fimitis</span> <span class='ocrx_word' id='word_1_108' title='bbox 835 2247 1020 2344; x_wconf 87' lang='lat' dir='ltr'>provenit,</span> <span class='ocrx_word' id='word_1_109' title='bbox 1037 2246 1108 2320; x_wconf 77' lang='lat' dir='ltr'>stre</span> <span class='ocrx_word' id='word_1_110' title='bbox 1128 2272 1219 2333; x_wconf 79' lang='lat' dir='ltr'>mas,</span> 
     </span>
     <span class='ocr_line' id='line_1_19' title="bbox 261 2354 1218 2454; baseline 0.001 -26"><span class='ocrx_word' id='word_1_111' title='bbox 261 2356 334 2432; x_wconf 79' lang='lat' dir='ltr'>five</span> <span class='ocrx_word' id='word_1_112' title='bbox 358 2357 509 2432; x_wconf 80' lang='lat' dir='ltr'>semina:</span> <span class='ocrx_word' id='word_1_113' title='bbox 536 2356 561 2429; x_wconf 80' lang='lat' dir='ltr'>si</span> <span class='ocrx_word' id='word_1_114' title='bbox 584 2354 747 2431; x_wconf 86' lang='lat' dir='ltr'>muliebre</span> <span class='ocrx_word' id='word_1_115' title='bbox 772 2354 1014 2452; x_wconf 68' lang='lat' dir='ltr'>praevaluerit,</span> <span class='ocrx_word' id='word_1_116' title='bbox 1039 2357 1218 2454; x_wconf 82' lang='lat' dir='ltr'>progenies</span> 
     </span>
     <span class='ocr_line' id='line_1_20' title="bbox 261 2461 1219 2565; baseline 0.004 -28"><span class='ocrx_word' id='word_1_117' title='bbox 261 2464 421 2563; x_wconf 83' lang='lat' dir='ltr'>cujusque</span> <span class='ocrx_word' id='word_1_118' title='bbox 444 2464 540 2542; x_wconf 76' lang='lat' dir='ltr'>sextu</span> <span class='ocrx_word' id='word_1_119' title='bbox 555 2465 598 2538; x_wconf 88' lang='lat' dir='ltr'>ad</span> <span class='ocrx_word' id='word_1_120' title='bbox 617 2462 798 2565; x_wconf 80' lang='lat' dir='ltr'>imaginem</span> <span class='ocrx_word' id='word_1_121' title='bbox 822 2461 1003 2563; x_wconf 83' lang='lat' dir='ltr'>respondet</span> <span class='ocrx_word' id='word_1_122' title='bbox 1027 2486 1219 2541; x_wconf 81' lang='lat' dir='ltr'>maternam.</span> 
     </span>
     <span class='ocr_line' id='line_1_21' title="bbox 262 2578 393 2653; baseline 0.038 -5"><span class='ocrx_word' id='word_1_123' title='bbox 262 2578 393 2653; x_wconf 81' lang='lat' dir='ltr'>Ibidem.</span> 
     </span>
    </p>

    <p class='ocr_par' dir='ltr' id='par_1_9' title="bbox 701 2689 862 2765">
     <span class='ocr_line' id='line_1_22' title="bbox 701 2689 862 2765; baseline 0 -60"><span class='ocrx_word' id='word_1_124' title='bbox 701 2696 705 2705; x_wconf 34' lang='lat' dir='ltr'>r</span> <span class='ocrx_word' id='word_1_125' title='bbox 734 2689 755 2727; x_wconf 52' lang='lat'>‚4</span> <span class='ocrx_word' id='word_1_126' title='bbox 859 2754 862 2765; x_wconf 28' lang='grc' dir='ltr'>Ι</span> 
     </span>
    </p>

    <p class='ocr_par' dir='ltr' id='par_1_10' title="bbox 260 2786 1219 3220">
     <span class='ocr_line' id='line_1_23' title="bbox 311 2786 1217 2894; baseline -0.001 -27"><span class='ocrx_word' id='word_1_127' title='bbox 311 2794 346 2868; x_wconf 86' lang='lat' dir='ltr'>Si</span> <span class='ocrx_word' id='word_1_128' title='bbox 370 2819 456 2869; x_wconf 84' lang='lat' dir='ltr'>vero</span> <span class='ocrx_word' id='word_1_129' title='bbox 473 2786 568 2894; x_wconf 73' lang='lat' dir='ltr'>aequn</span> <span class='ocrx_word' id='word_1_130' title='bbox 590 2794 692 2869; x_wconf 84' lang='lat' dir='ltr'>fuerit</span> <span class='ocrx_word' id='word_1_131' title='bbox 715 2817 758 2867; x_wconf 77' lang='lat' dir='ltr'>ex</span> <span class='ocrx_word' id='word_1_132' title='bbox 780 2793 852 2889; x_wconf 81' lang='lat' dir='ltr'>pari</span> <span class='ocrx_word' id='word_1_133' title='bbox 870 2791 995 2867; x_wconf 87' lang='lat' dir='ltr'>semine</span> <span class='ocrx_word' id='word_1_134' title='bbox 1015 2792 1217 2888; x_wconf 81' lang='lat' dir='ltr'>permixtio,</span> 
     </span>
     <span class='ocr_line' id='line_1_24' title="bbox 260 2900 1216 3003; baseline -0.001 -26"><span class='ocrx_word' id='word_1_135' title='bbox 260 2902 376 3003; x_wconf 66' lang='lat' dir='ltr'>figure</span> <span class='ocrx_word' id='word_1_136' title='bbox 396 2929 535 3003; x_wconf 88' lang='lat' dir='ltr'>quoque</span> <span class='ocrx_word' id='word_1_137' title='bbox 559 2902 759 2991; x_wconf 85' lang='lat' dir='ltr'>miscentur,</span> <span class='ocrx_word' id='word_1_138' title='bbox 774 2920 812 2976; x_wconf 90' lang='lat' dir='ltr'>ut</span> <span class='ocrx_word' id='word_1_139' title='bbox 831 2901 966 2975; x_wconf 86' lang='lat' dir='ltr'>soboles</span> <span class='ocrx_word' id='word_1_140' title='bbox 984 2900 1040 2973; x_wconf 87' lang='lat' dir='ltr'>illa</span> <span class='ocrx_word' id='word_1_141' title='bbox 1058 2925 1216 2976; x_wconf 85' lang='lat' dir='ltr'><strong>commu·</strong></span> 
     </span>
     <span class='ocr_line' id='line_1_25' title="bbox 260 3008 1217 3105; baseline 0 -19"><span class='ocrx_word' id='word_1_142' title='bbox 260 3014 334 3103; x_wconf 84' lang='lat' dir='ltr'>nis,</span> <span class='ocrx_word' id='word_1_143' title='bbox 353 3031 411 3087; x_wconf 87' lang='lat' dir='ltr'>aut</span> <span class='ocrx_word' id='word_1_144' title='bbox 429 3032 587 3087; x_wconf 87' lang='lat' dir='ltr'>neutrum</span> <span class='ocrx_word' id='word_1_145' title='bbox 610 3011 734 3084; x_wconf 88' lang='lat' dir='ltr'>referre</span> <span class='ocrx_word' id='word_1_146' title='bbox 748 3010 928 3100; x_wconf 78' lang='lat' dir='ltr'>videatur,</span> <span class='ocrx_word' id='word_1_147' title='bbox 945 3008 1025 3105; x_wconf 86' lang='lat' dir='ltr'>quia</span> <span class='ocrx_word' id='word_1_148' title='bbox 1044 3027 1157 3085; x_wconf 87' lang='lat' dir='ltr'>totum</span> <span class='ocrx_word' id='word_1_149' title='bbox 1175 3038 1217 3086; x_wconf 82' lang='lat' dir='ltr'>ex</span> 
     </span>
     <span class='ocr_line' id='line_1_26' title="bbox 260 3119 1219 3220; baseline -0.003 -22"><span class='ocrx_word' id='word_1_150' title='bbox 260 3124 374 3198; x_wconf 82' lang='lat' dir='ltr'>alieno</span> <span class='ocrx_word' id='word_1_151' title='bbox 396 3150 468 3198; x_wconf 90' lang='lat' dir='ltr'>non</span> <span class='ocrx_word' id='word_1_152' title='bbox 488 3123 609 3212; x_wconf 85' lang='lat' dir='ltr'>haber,</span> <span class='ocrx_word' id='word_1_153' title='bbox 627 3140 685 3195; x_wconf 87' lang='lat' dir='ltr'>aut</span> <span class='ocrx_word' id='word_1_154' title='bbox 707 3139 908 3220; x_wconf 88' lang='lat' dir='ltr'>utrumque,</span> <span class='ocrx_word' id='word_1_155' title='bbox 923 3119 1002 3217; x_wconf 81' lang='lat' dir='ltr'>quia</span> <span class='ocrx_word' id='word_1_156' title='bbox 1022 3136 1151 3217; x_wconf 86' lang='lat' dir='ltr'>partem</span> <span class='ocrx_word' id='word_1_157' title='bbox 1174 3120 1219 3195; x_wconf 86' lang='lat' dir='ltr'>de</span> 
     </span>
    </p>
   </div>
   <div class='ocr_carea' id='block_1_4' title="bbox 183 3226 797 3383">
    <p class='ocr_par' dir='ltr' id='par_1_11' title="bbox 183 3226 797 3383">
     <span class='ocr_line' id='line_1_27' title="bbox 183 3226 797 3383; baseline -0.007 -75"><span class='ocrx_word' id='word_1_158' title='bbox 183 3226 187 3263; x_wconf 88' lang='lat'>¹</span> <span class='ocrx_word' id='word_1_159' title='bbox 259 3233 397 3334; x_wconf 80' lang='lat' dir='ltr'>singulis</span> <span class='ocrx_word' id='word_1_160' title='bbox 416 3251 568 3309; x_wconf 81' lang='lat' dir='ltr'>mutuata</span> <span class='ocrx_word' id='word_1_161' title='bbox 589 3231 797 3383; x_wconf 58' lang='lat' dir='ltr'>est.1bid:m.</span> 
     </span>
    </p>
   </div>
   <div class='ocr_carea' id='block_1_5' title="bbox 259 3448 1218 3876">
    <p class='ocr_par' dir='ltr' id='par_1_12' title="bbox 259 3448 1218 3876">
     <span class='ocr_line' id='line_1_28' title="bbox 306 3448 1218 3549; baseline -0.002 -24"><span class='ocrx_word' id='word_1_162' title='bbox 306 3452 396 3525; x_wconf 87' lang='lat' dir='ltr'>Cum</span> <span class='ocrx_word' id='word_1_163' title='bbox 410 3449 499 3525; x_wconf 87' lang='lat' dir='ltr'>forte</span> <span class='ocrx_word' id='word_1_164' title='bbox 516 3452 551 3525; x_wconf 90' lang='lat' dir='ltr'>in</span> <span class='ocrx_word' id='word_1_165' title='bbox 563 3451 686 3528; x_wconf 70' lang='lat' dir='ltr'>levam</span> <span class='ocrx_word' id='word_1_166' title='bbox 699 3448 789 3525; x_wconf 87' lang='lat' dir='ltr'>uteri</span> <span class='ocrx_word' id='word_1_167' title='bbox 802 3467 929 3549; x_wconf 82' lang='lat' dir='ltr'>partem</span> <span class='ocrx_word' id='word_1_168' title='bbox 943 3448 1132 3525; x_wconf 72' lang='lat' dir='ltr'>masculine</span> <span class='ocrx_word' id='word_1_169' title='bbox 1145 3448 1218 3523; x_wconf 82' lang='lat' dir='ltr'>stir-</span> 
     </span>
     <span class='ocr_line' id='line_1_29' title="bbox 262 3557 1216 3660; baseline -0.004 -27"><span class='ocrx_word' id='word_1_170' title='bbox 262 3557 315 3658; x_wconf 79' lang='lat' dir='ltr'>pis</span> <span class='ocrx_word' id='word_1_171' title='bbox 336 3559 445 3632; x_wconf 85' lang='lat' dir='ltr'>semen</span> <span class='ocrx_word' id='word_1_172' title='bbox 467 3560 642 3653; x_wconf 89' lang='lat' dir='ltr'>inciderit,</span> <span class='ocrx_word' id='word_1_173' title='bbox 662 3586 733 3635; x_wconf 82' lang='lat' dir='ltr'>mas</span> <span class='ocrx_word' id='word_1_174' title='bbox 752 3560 918 3660; x_wconf 79' lang='lat' dir='ltr'>gignitur:</span> <span class='ocrx_word' id='word_1_175' title='bbox 942 3558 997 3632; x_wconf 91' lang='lat' dir='ltr'>sed</span> <span class='ocrx_word' id='word_1_176' title='bbox 1016 3558 1094 3657; x_wconf 82' lang='lat' dir='ltr'>quia</span> <span class='ocrx_word' id='word_1_177' title='bbox 1113 3558 1159 3631; x_wconf 78' lang='lat' dir='ltr'>ess</span> <span class='ocrx_word' id='word_1_178' title='bbox 1179 3558 1216 3630; x_wconf 91' lang='lat' dir='ltr'>in</span> 
     </span>
     <span class='ocr_line' id='line_1_30' title="bbox 260 3662 1217 3766; baseline -0.003 -27"><span class='ocrx_word' id='word_1_179' title='bbox 260 3667 423 3742; x_wconf 81' lang='lat' dir='ltr'>feminina</span> <span class='ocrx_word' id='word_1_180' title='bbox 446 3688 538 3763; x_wconf 85' lang='lat' dir='ltr'>parte</span> <span class='ocrx_word' id='word_1_181' title='bbox 556 3690 763 3766; x_wconf 72' lang='lat' dir='ltr'>conceptui,</span> <span class='ocrx_word' id='word_1_182' title='bbox 785 3668 912 3764; x_wconf 85' lang='lat' dir='ltr'>aliquid</span> <span class='ocrx_word' id='word_1_183' title='bbox 930 3665 965 3739; x_wconf 90' lang='lat' dir='ltr'>in</span> <span class='ocrx_word' id='word_1_184' title='bbox 989 3667 1020 3740; x_wconf 94' lang='lat' dir='ltr'>se</span> <span class='ocrx_word' id='word_1_185' title='bbox 1045 3667 1143 3740; x_wconf 85' lang='lat' dir='ltr'>habet</span> <span class='ocrx_word' id='word_1_186' title='bbox 1165 3662 1217 3737; x_wconf 89' lang='lat' dir='ltr'>se·</span> 
     </span>
     <span class='ocr_line' id='line_1_31' title="bbox 259 3772 1217 3876; baseline -0.008 -23"><span class='ocrx_word' id='word_1_187' title='bbox 259 3777 410 3853; x_wconf 82' lang='lat' dir='ltr'>mineum</span> <span class='ocrx_word' id='word_1_188' title='bbox 422 3775 519 3876; x_wconf 84' lang='lat' dir='ltr'>supra</span> <span class='ocrx_word' id='word_1_189' title='bbox 542 3801 642 3876; x_wconf 83' lang='lat' dir='ltr'>quam</span> <span class='ocrx_word' id='word_1_190' title='bbox 657 3777 758 3854; x_wconf 80' lang='lat' dir='ltr'>decus</span> <span class='ocrx_word' id='word_1_191' title='bbox 772 3776 872 3858; x_wconf 86' lang='lat' dir='ltr'>virile</span> <span class='ocrx_word' id='word_1_192' title='bbox 882 3776 1049 3875; x_wconf 77' lang='lat' dir='ltr'>patiatur,</span> <span class='ocrx_word' id='word_1_193' title='bbox 1063 3775 1120 3853; x_wconf 80' lang='lat' dir='ltr'>rel</span> <span class='ocrx_word' id='word_1_194' title='bbox 1140 3772 1217 3850; x_wconf 75' lang='lat' dir='ltr'>soro</span> 
     </span>
    </p>
   </div>
   <div class='ocr_carea' id='block_1_6' title="bbox 0 0 1422 4567">
    <p class='ocr_par' dir='ltr' id='par_1_13' title="bbox 0 0 1422 4567">
     <span class='ocr_line' id='line_1_32' title="bbox 0 0 1422 4567; baseline 0 0"><span class='ocrx_word' id='word_1_195' title='bbox 0 0 1422 4567; x_wconf 95' lang='lat' dir='ltr'> </span> 
     </span>
    </p>
   </div>
  </div>
 </body>
</html>
