2834 4567
302 377 368 452 De
392 375 566 451 trucul
591 375 765 451 LATINA
791 379 870 456 tta.
895 383 954 456 tv,
981 403 983 408 ·
1058 407 1104 481 29

142 558 243 633 gem,
258 562 334 635 quae
355 557 485 612 cornua
502 538 610 638 habet.
622 539 786 636 quoniam
808 538 859 630 is,
873 540 928 614 rui
944 540 1006 615 uvi
1020 543 1102 616 rnari
1216 593 1231 628 ,

142 643 291 716 testiculi
320 646 444 731 demti3
469 647 506 720 δι
532 645 611 718 ideo
641 665 678 717 ut
699 663 817 719 natura
845 647 942 722 versa
965 653 1104 723 Vervex

140 749 362 825 declinatum.
377 754 494 827 Peeori
507 754 609 826 ovilo
621 757 717 852 quod
733 775 888 855 agnatus,
901 765 1027 857 Agnus.
1038 764 1103 834 ca·

137 859 235 932 tulus
249 885 268 932 a
284 860 390 957 sagaci
403 860 491 933 sensu
503 915 513 949 ,
524 864 562 936 &
573 879 683 937 acuto.
693 863 785 937 Hinc
798 866 922 952 Canis;
938 867 998 939 nit
1010 869 1104 964 quod

101 1021 107 1029 -
136 972 250 1056 tuba,
263 974 301 1045 δι
311 995 438 1061 cornu,
451 971 580 1069 signum
595 997 672 1046 cum
689 974 788 1065 dant,
803 971 920 1048 canere
932 976 1104 1051 dicuntur.
1210 1063 1213 1067 Α

136 1081 242 1178 quod
259 1083 313 1155 hic
327 1082 424 1175 item,
439 1083 478 1157 δι
491 1084 681 1157 ηοᾶἱευΙυς
691 1083 727 1155 in
743 1086 912 1176 custodia,
926 1089 964 1161 &
978 1113 1103 1160 venan-

137 1192 193 1263 do
208 1189 333 1289 signum
347 1197 438 1265 voce
452 1195 523 1283 dat,
536 1192 628 1267 canis
642 1193 758 1267 diuus.
773 1197 928 1267 Ferarum
946 1198 1102 1268 vocabu·

135 1300 171 1372 la
198 1300 278 1372 item
303 1303 421 1399 partim
445 1303 637 1401 peregrina,
651 1322 688 1374 ut
706 1303 889 1391 Panthera,
906 1307 996 1378 Leo:
1012 1323 1102 1378 utra·
1169 1343 1173 1348 ·

44 1505 47 1512 Α
136 1435 209 1508 que
224 1414 358 1498 Graeca.
372 1438 390 1485 a
414 1438 485 1508 quo
500 1414 599 1486 etiam
619 1415 658 1486 δι
672 1433 742 1485 rete
756 1413 929 1509 quoddam
941 1414 1101 1502 panther,

137 1519 178 1592 δι
204 1522 343 1604 Leaena,
357 1522 395 1594 &
411 1520 607 1606 muliercula
625 1521 809 1594 Pantheris.
821 1520 953 1618 Tigris,
972 1521 1032 1617 qui
1051 1521 1100 1598 est

135 1653 176 1701 ut
193 1630 250 1701 leo
265 1631 396 1718 varius,
408 1630 467 1726 qui
480 1630 583 1700 vivus
596 1629 670 1723 capi
680 1630 789 1701 adhuc
803 1653 873 1701 non
890 1632 1020 1724 potuit,
1034 1655 1101 1704 vo·

136 1741 299 1814 cabulurn
321 1764 340 1812 e
365 1742 480 1836 lingua
502 1738 671 1809 Armenia.
690 1762 767 1807 nant
788 1739 836 1809 ibi
857 1739 1043 1835 &.sagitta,
1062 1744 1101 1815 δι
1191 1785 1195 1792 ’

135 1851 238 1948 quod
251 1848 575 1923 vehementiffintunt
590 1846 733 1936 flumen,
744 1847 865 1920 dicitur
876 1847 1000 1945 Tigris.
1014 1850 1101 1939 Urli,

136 1962 280 2032 Lucana
296 1958 398 2054 origo
407 2011 420 2046 ‚
434 1956 491 2029 vel
510 1957 601 2027 unde
621 1954 692 2044 illi,
707 1953 813 2026 nollri
830 1956 872 2025 ab
885 1955 984 2051 ipfius
1002 1980 1101 2030 voce.
1215 2025 1228 2044 ,

137 2070 301 2143 Camelus
317 2069 378 2140 suo
399 2068 539 2139 nornine
557 2068 699 2165 Syriaco
719 2065 754 2135 in
777 2064 908 2136 Latium
931 2065 1101 2139 venitz'ttt

138 2180 344 2254 Alexandria
368 2176 655 2277 Camelopardalis
680 2197 789 2271 nuper
812 2173 976 2265 addulla,
1004 2177 1099 2272 quod
1174 2259 1176 2263 ¹
1258 2243 1263 2260 ,
1358 2215 1360 2222 ’

138 2307 213 2359 erat
226 2283 329 2384 figura
350 2307 387 2360 ut
405 2287 569 2372 camelus,
589 2283 748 2357 tnaculeis
770 2299 808 2352 ut
829 2282 999 2375 panthera.
1015 2285 1097 2381 Apri

139 2399 184 2468 ab
200 2421 257 2482 eo,
270 2397 364 2493 quod
378 2397 413 2468 in
429 2395 537 2469 luceia
549 2394 699 2489 aspereis.
717 2391 776 2463 nili
792 2393 989 2482 aGraeoein,
1002 2396 1098 2490 quod
1115 2409 1119 2424 ‘

139 2505 179 2577 hi
194 2521 312 2602 κάπρος.
330 2507 485 2601 Capreae
499 2501 714 2576 fimilitudine
725 2500 867 2596 quadarn
883 2524 1001 2595 caprae.
1015 2504 1099 2574 Cer·

139 2612 198 2699 vi,
216 2613 310 2707 quod
330 2638 449 2710 magna
470 2635 599 2685 cornua
622 2629 764 2708 gerunt,
783 2626 914 2681 mutato
934 2610 969 2682 G
988 2609 1022 2680 in
1045 2612 1099 2698 C,
1176 2653 1182 2662 ·

139 2740 178 2793 ut
199 2720 235 2793 in
255 2722 408 2808 multeis;
427 2717 518 2818 euasi
543 2722 646 2817 gerni.
662 2722 788 2814 Lepus,
806 2718 902 2816 quod
920 2742 939 2791 e
958 2719 1098 2793 Siculeis
1153 2809 1156 2815 ἱ
1190 2711 1194 2721 ’

138 2832 274 2928 quidam
286 2832 420 2904 Graecei
435 2834 552 2904 dicunt
566 2847 691 2924 nimpi.
703 2856 722 2901 a
736 2832 846 2901 Roma
861 2830 954 2927 quod
968 2819 1035 2901 urti
1047 2828 1097 2900 Si·

140 2939 230 3029 culi,
242 2960 280 3011 ut
290 2942 427 3013 annales
442 2939 548 3012 nostri
569 2957 701 3011 veteres
714 2937 852 3018 dicunt,
865 2936 999 3009 fortalle
1015 2936 1097 3010 hinc

140 3046 224 3122 illuc
239 3046 406 3138 tulerunt,
420 3050 457 3124 δι
476 3047 549 3121 heic
570 3047 780 3145 reliquerunt
796 3044 831 3116 id
845 3069 983 3118 nornen.
1006 3044 1096 3116 Vol·

138 3178 222 3252 pet,
240 3171 278 3225 ut
294 3156 397 3229 AElius
413 3156 546 3230 dicebat
553 3154 672 3252 ,quod
695 3156 792 3226 volat
812 3152 962 3248 pedibus.
976 3149 1096 3221 Proxi-

139 3291 194 3337 rna
206 3264 406 3339 animalibus
422 3267 497 3338 sunt
511 3289 550 3339 ea
553 3291 653 3363 ‚quae
667 3265 787 3338 vivere
801 3263 973 3346 dicuntur,
985 3283 1096 3355 neque

138 3374 259 3449 lubere
286 3375 452 3465 animant,
477 3394 515 3447 ut
538 3374 694 3473 virgulta.
713 3369 906 3467 virgultum
921 3367 1051 3441 dicitur
1074 3394 1095 3444 a
1134 3369 1138 3378 ⁴

138 3481 257 3571 viridi,
271 3481 376 3581 idque
391 3507 410 3554 a
426 3507 462 3554 vr
451 3482 618 3581 quadarn
633 3480 802 3552 humoris:
816 3502 892 3573 quae
908 3475 932 3549 ti
946 3478 1094 3565 exaruit,

138 3592 290 3662 moritur.
309 3591 418 3683 Vitis,
433 3592 527 3689 quod
548 3614 586 3662 ea
604 3588 678 3660 vini
700 3588 811 3685 origo.
831 3586 978 3674 Malunt,
1000 3583 1095 3682 quod

138 3704 252 3776 AEoles
276 3702 394 3776 dicunt
406 3719 512 3798 paror.
524 3702 625 3775 Pinus
646 3698 800 3799 juglan53
814 3698 910 3795 quod
933 3697 1006 3771 lraec
1022 3719 1094 3767 nux

139 3833 317 3909 antequam
330 3832 509 3912 purgetur,
522 3812 636 3886 fimitis
650 3809 773 3912 glandi.
791 3807 874 3884 Haec
892 3806 986 3907 glans
998 3802 1093 3901 opti·
