2834 4567
378 269 881 350 rancueurn
978 227 1193 369 ἱιη,

26 519 27 534 ,
152 470 207 522 ma
226 433 337 520 autdm
355 444 426 518 sere
445 441 681 530 hebdomade,
704 440 739 512 id
761 439 833 531 est,
853 463 952 514 nono
971 443 1010 518 δι
1030 469 1118 543 qua·

134 549 340 650 'dragefimo
364 551 442 643 die,
463 568 584 643 totus,
601 548 738 649 inquit,
748 547 858 622 homo
878 547 917 622 in
936 569 1037 624 utero
1059 555 1118 626 ab·

154 662 310 737 solvitur.

204 771 296 844 lllam
318 789 459 868 quoque
472 764 545 839 vim
559 755 692 840 numiri
713 763 815 860 hujus
834 766 1046 844 observatam
1066 795 1119 845 re·

155 869 241 971 fert,
258 880 354 977 quod
373 896 450 950 ante
472 874 620 949 mensem
648 874 974 978 septimum,neque
995 881 1122 954 mascu-

154 987 340 1086 lus‘rseque
361 985 485 1059 semina
506 984 680 1060 salubriter
698 1012 737 1060 ac
760 986 944 1061 secundum
968 1009 1123 1064 naturam

155 1097 246 1172 nasci
260 1097 393 1195 potesi:
411 1096 506 1194 quod
520 1096 573 1186 hi,
586 1098 646 1195 qui
663 1096 835 1195 justissime
853 1085 893 1174 in
910 1122 1010 1177 utero
1027 1103 1125 1194 sunt,
1163 1137 1168 1144 ⁴

155 1207 235 1306 posi
255 1208 419 1281 ducentos
445 1204 653 1305 septuaginta
675 1229 741 1282 tres
758 1209 829 1283 dies
847 1211 1024 1310 postquam
1048 1212 1126 1289 sunt

157 1318 338 1417 concepti,
355 1319 603 1419 quadragesima
621 1322 757 1397 demum
775 1321 986 1398 hebdomade
1000 1325 1046 1400 ita
1065 1351 1126 1401 na·

157 1431 309 1505 scuntur.

207 1538 358 1615 Pericula
375 1563 447 1634 quo
495 1563 514 1610 e
530 1557 611 1612 vrtae
632 1538 912 1639 fortunarumque
923 1543 1126 1639 hominum,

155 1673 236 1747 quae
248 1648 435 1721 climactera
437 1563 615 1718 sigbaldaei
628 1649 820 1743 appellant,
833 1654 1024 1746 gravissima
1035 1681 1132 1750 quae·

159 1782 231 1858 que
247 1753 322 1828 fieri
345 1754 486 1828 affirmat
506 1751 711 1849 septenariis.
734 1757 861 1830 Praeter-
879 1758 975 1849 haec,
988 1761 1131 1836 modum

81 1865 84 1870 ’
160 1868 229 1943 esse
249 1866 335 1940 dicit
354 1863 520 1937 summum
546 1863 761 1938 adolescendi
786 1866 926 1941 humani
947 1871 1132 1995 corporis,
1174 1849 1185 1906 l

161 1981 288 2076 septem
308 1959 422 2074 pedes.
436 1975 568 2048 Dentes
587 1998 728 2073 quoque
749 1977 819 2051 dc
809 2003 845 2049 m
871 1975 995 2100 septem
1016 1980 1135 2104 primis
1176 2017 1179 2030 ·

163 2085 351 2174 mensibus,
370 2086 408 2159 δι
427 2082 582 2180 septenos
603 2108 646 2154 ex
667 2103 809 2182 utraque
835 2106 930 2182 parte
946 2086 1038 2184 gigni
1059 2089 1134 2178 ait,
1230 2139 1235 2146 ,

164 2200 207 2273 δι
226 2198 343 2273 cadere
366 2193 463 2268 annis
483 2192 650 2291 septenis,
669 2195 708 2268 δι
729 2194 897 2293 genuinos
917 2197 1009 2272 nasci
1033 2197 1133 2274 annis

165 2307 238 2382 sere
257 2307 309 2404 bis
328 2304 482 2402 septenis.

216 2415 331 2487 Venas
353 2413 455 2486 etiam
473 2412 509 2486 in
531 2408 748 2502 hominibus,
763 2412 821 2488 vel
842 2413 955 2511 potius
975 2414 1134 2512 arterias,

169 2525 329 2601 Medicos
354 2524 501 2598 musicos
514 2523 627 2596 dicere
640 2522 686 2594 air
702 2548 845 2597 numero
866 2525 1002 2598 moveri
1023 2526 1134 2622 septe-

171 2635 296 2725 natio,
313 2635 408 2730 quod
428 2631 491 2729 ipfi
511 2631 680 2728 appellant
701 2635 758 2715 τὴν
775 2634 824 2699 διὰ
840 2635 989 2723 τεσσάρων
1007 2659 1135 2719 συμφω·

53 2791 60 2800 -
174 2755 239 2814 νίαν
246 2771 344 2843 quae
361 2742 429 2818 fit
421 2770 455 2814 rn
468 2742 656 2816 collatione
674 2740 880 2837 quaternarii
895 2743 1040 2819 numeri.

221 2857 428 2933 Discrimina
452 2855 553 2928 etiam
577 2852 837 2950 periculorum
827 2880 863 2926 rn
885 2857 1040 2946 morbis,
1066 2884 1139 2933 ma·

173 2969 251 3068 jore
271 2993 311 3040 vr
299 2965 405 3040 sieri
422 2983 543 3063 putant
562 2965 597 3037 in
608 2961 832 3148 sdiebus,qui
849 2909 1081 3038 conficiuniur
1098 2992 1141 3042 ex
1170 2973 1183 2984 '

175 3103 321 3155 numero
343 3078 519 3175 septenarii
533 3105 543 3152 z
557 3101 604 3149 eo
608 3078 687 3176 sque
704 3076 776 3178 dies
793 3075 949 3148 omnium
971 3078 1140 3168 maxime,

176 3190 224 3265 ita
243 3207 283 3263 ut
304 3187 427 3260 medici
441 3188 634 3282 appellant,
655 3187 824 3272 reprendes
841 3190 986 3270 κρισιμούσ
1018 3188 1142 3288 cuique
1241 3240 1245 3246 -

176 3299 306 3390 videri,
320 3299 462 3396 primam
476 3297 741 3383 hebdomadam,
754 3295 794 3367 δι
806 3291 1007 3384 secundam,
1021 3299 1059 3369 δι
1070 3318 1144 3372 ter.

177 3411 273 3484 tiam.
292 3434 355 3483 nec
382 3431 454 3478 non
476 3406 511 3477 id
535 3406 636 3478 etiam
658 3403 722 3476 effe
742 3403 784 3476 ad
807 3399 879 3476 vim
899 3399 1141 3506 facultatesque

178 3522 251 3618 ejus
279 3518 411 3594 numeri
433 3516 603 3616 augendi,
625 3514 746 3612 quod,
770 3510 897 3612 quibus
920 3513 1032 3606 inedia
1051 3519 1142 3594 mori
1191 3566 1192 3570 =

178 3634 360 3711 confilium
389 3629 437 3705 est
451 3628 632 3730 ,septimo
660 3626 799 3706 demum
825 3623 881 3700 die
908 3646 1056 3703 mortem
1079 3653 1144 3729 op·
1262 3672 1265 3680 -

146 3764 327 3848 petunt.
416 3813 419 3818 ,
562 3801 565 3814 ,

254 3861 307 3934 Μ.
332 3862 371 3932 Τ.
400 3860 514 3994 Varro.
723 3858 725 3862 ’
880 3847 914 3920 R
