2834 4567
611 257 644 296 Ι

401 375 897 449 tenoneuan
1064 367 1134 474 ιη

76 567 79 572 ·
165 534 266 610 etiam
287 560 376 609 nunc
398 534 522 608 AEdiles
542 557 601 630 pet
622 530 886 628 supplicationes
904 529 984 605 Diis
1004 533 1132 624 addunt

166 645 210 719 ad
232 645 443 743 pulvinaria,
467 641 625 738 &quod
650 662 712 714 κη
734 641 875 716 Tabulis
901 660 1065 737 cavetur,
1089 672 1134 720 ne

166 777 306 832 mortuo
327 756 472 832 indatur.
492 757 613 857 Festus.

545 864 668 936 ΗΒ.
703 863 759 934 11.

227 971 414 1072 Literisque
430 996 468 1046 ac
484 971 640 1045 laudibus
651 989 824 1054 aeternare.
844 973 934 1043 Non.
951 975 1134 1078 AEremard
1170 969 1178 982 '

228 1086 430 1159 Dardanum
460 1084 558 1156 Deos
589 1084 730 1155 Penates
763 1106 808 1153 ex
843 1081 1060 1157 Samothrace
1091 1084 1150 1157 in*

166 1193 372 1293 Phrygiam,
394 1195 432 1267 &
458 1193 664 1266 AEneam‘ex
688 1188 835 1288 Phrygia
853 1190 892 1262 in
917 1190 1045 1265 ltaliam
1071 1194 1135 1268 ded¹

163 1304 286 1378 tulisse.
307 1309 449 1378 Macrob.
466 1308 521 1377 lib.
549 1306 612 1375 ΙΙΙ
621 1355 631 1390 ,
655 1331 726 1395 cap.
747 1330 781 1393 4.

237 1412 379 1485 Constat
406 1410 543 1509 quidem
571 1434 663 1483 nunc
687 1411 784 1481 lauto
800 1406 1022 1481 sacrificantes
1040 1406 1132 1507 apud

164 1545 254 1594 atam
272 1522 452 1595 maximam
477 1520 659 1604 coronari,
681 1519 737 1592 sed
756 1519 867 1591 multo
889 1519 963 1612 post
985 1520 1132 1594 Romam
1235 1567 1240 1600 ι

164 1629 340 1705 conditam
362 1630 451 1701 hanc
469 1625 749 1703 consuetudinem
769 1623 909 1695 sumsisse
925 1627 1132 1715 exordium,

163 1739 345 1837 postquam
361 1736 395 1807 in
415 1735 594 1809 Aventino
610 1734 776 1806 lauretum
791 1731 898 1828 coepit
917 1731 1038 1807 virere.
1051 1740 1133 1807 Ma·

165 1853 247 1922 crob.
268 1853 325 1923 lib.
350 1849 426 1937 ΙΙΙ,
440 1874 510 1940 cap.
534 1873 581 1918 12.

79 2105 84 2120 x
229 1953 921 2165 Postquamadolelqelrif·haelc1{·uvenms·
946 2064 1006 2132 Pri
1020 2090 1046 2134 c.
1074 2065 1131 2135 lib.

220 2285 345 2362 Gentis
366 2285 545 2362 Salentinae
581 2309 709 2358 nomen
737 2284 845 2359 tribus
866 2308 885 2356 e
908 2283 995 2357 locis
1023 2283 1129 2359 fertur

163 2395 343 2487 coaluisse,
366 2420 385 2467 e
411 2389 534 2482 Creta,
558 2394 724 2492 lllyrico,
747 2394 852 2467 ltalia.
883 2394 1085 2467 Idomeneus
1110 2420 1130 2466 e

153 2509 288 2604 ⁶Creta,
313 2505 443 2604 oppido
461 2507 593 2605 Lycto,
608 2504 723 2601 pulsus
747 2529 807 2600 pet
819 2503 1042 2593 seditionem,
1058 2506 1130 2576 bel·

164 2617 202 2692 lo
220 2617 472 2718 Magnenstum,
485 2641 562 2690 cum
585 2614 702 2713 grandi
720 2639 842 2703 manu,
855 2614 898 2686 ad
909 2614 1035 2711 Regem
1052 2613 1131 2687 Cli·

166 2727 278 2801 uicum
302 2725 399 2800 venit
408 2725 453 2796 in
477 2723 671 2821 Illyricum:
689 2724 732 2797 ab
746 2749 789 2797 eo
806 2725 885 2797 item
905 2743 1040 2820 accepta
1055 2749 1130 2796 ma·

166 2861 302 2910 nucum
315 2832 541 2908 Locrensibus
553 2831 720 2929 plerisque
729 2831 882 2929 profugis
896 2832 933 2905 in
948 2833 1032 2905 mari
1044 2858 1130 2907 con·

164 2946 299 3043 junslus
321 2944 535 3043 amicitiaque
570 2968 630 3040 per
655 2943 805 3018 fimilem·
822 2944 1129 3034 causamsociatis,

153 3061 297 3151 ⁴Locros
310 3056 456 3153 appulit,
469 3072 613 3128 vacuata
626 3078 670 3126 eo
687 3074 779 3127 metu
796 3056 899 3145 urbe,
913 3054 1028 3149 ibique
1048 3054 1130 3149 pos·
1218 3077 1224 3084 ·

163 3171 248 3245 sedit
268 3170 399 3268 aliquot
419 3167 547 3266 oppida
565 3168 603 3242 δι
621 3167 797 3240 condidit:
821 3165 946 3262 inquis
961 3164 1066 3255 Uria,
1089 3168 1129 3240 δι

162 3281 315 3356 Castrum
329 3279 496 3353 Minerva
522 3277 774 3350 nobilislim‘um.
796 3277 835 3346 ln
858 3295 926 3346 tres
942 3292 1051 3369 patres
1076 3276 1130 3348 di·
1157 3351 1159 3355 ,

163 3392 232 3466 visa
248 3390 405 3494 copiain
423 3389 570 3487 populos
590 3409 663 3477 ΧΠ,
678 3384 841 3458 Salentini
862 3384 961 3472 didi,
976 3385 1071 3478 quod
1090 3384 1129 3457 itt
1251 3399 1254 3404 '

161 3503 239 3576 Salo
271 3499 452 3574 amicitiam
485 3496 638 3573 fecerint.
668 3501 745 3566 Vas.
772 3496 868 3566 Proh.
890 3497 937 3564 ad
956 3498 1059 3588 Eclog
1081 3514 1129 3566 γι

164 3620 337 3791 Vlrsiblsiea
361 3741 438 3792 com
464 3715 519 3790 his
543 3738 645 3788 unam
669 3708 928 3808 Rempublicam
949 3707 1128 3805 conjuncti

33 3831 39 3841 '
161 3828 200 3903 δι
219 3825 468 3927 'congerminati
482 3843 632 3899 tenuere.
651 3828 740 3898 Non.
762 3819 1055 3918 congermanescert.
