2834 4567
321 345 981 425 Dattucunttttutuss.1x.
1073 376 1135 449 ¹75
1243 435 1247 440 .

182 507 289 607 potell
304 507 421 582 ordiri.
437 505 531 607 quod
546 504 582 578 in
596 504 668 578 heis
686 505 864 603 principiis
881 506 991 584 minus
1009 509 1140 588 oratio·

182 620 235 696 nis
255 621 388 696 verbeis
408 617 612 717 fingendeis,
635 619 826 692 verborum
853 618 982 708 forma,
1009 619 1142 694 sacilius
1223 663 1231 692 t

181 726 356 826 singularia
376 727 487 802 videri
504 726 617 826 posse,
633 750 736 823 quam
753 752 795 799 ex
812 726 1035 826 singularibus
1053 731 1141 801 mul·

183 834 354 912 titudinis:
367 837 440 910 hare
450 835 653 923 ostendunt,
664 834 793 922 trabes,
805 836 916 925 trabs;
930 837 1049 926 ducet,
1062 839 1143 912 dur.

181 941 347 1018 Videmus
360 943 456 1017 enim
474 969 518 1017 ex
538 942 612 1017 heis
631 942 787 1028 rubeis,
808 944 940 1032 trabes,
961 944 1080 1034 dures,
1102 947 1143 1020 de

180 1070 333 1125 extrema
356 1051 482 1151 syllaba
506 1055 535 1124 Ε
560 1052 691 1126 literam
719 1051 913 1143 exclusam,
935 1055 974 1127 dt
1003 1042 1092 1125 ideo'
1107 1055 1144 1129 in

181 1161 339 1259 singulari
358 1161 478 1237 fanum
499 1161 564 1235 etse
583 1161 692 1251 trabs,
714 1161 799 1235 duaa
817 1161 950 1234 Contra
968 1185 1011 1233 ex
1024 1160 1145 1259 ¹singu·

181 1270 308 1345 laribus
328 1297 399 1345 non
416 1266 484 1345 tarn
500 1270 657 1347 videmus
676 1272 958 1370 quemadmodum
979 1269 1059 1345 sada
1080 1271 1145 1344 srnt

120 1457 125 1464 ,
182 1405 226 1456 err
243 1384 269 1454 B
283 1383 322 1458 δι
338 1385 360 1455 S
381 1384 491 1473 trabs,
506 1407 545 1455 er
560 1384 592 1455 C
606 1383 645 1456 δι
660 1384 683 1453 S
701 1382 782 1456 dux.
798 1381 832 1454 Si
852 1380 1077 1455 fimilitudinis
1090 1406 1146 1454 re·

182 1489 254 1560 clus
275 1489 369 1586 casus
388 1489 479 1562 forre
498 1488 602 1587 figura
620 1505 778 1584 corrupta
793 1492 878 1579 erit,
891 1487 948 1587 (id
970 1489 1066 1587 quod
1085 1514 1146 1562 ac·

183 1596 266 1671 cidit
285 1597 383 1696 raro)
404 1595 499 1692 prius
518 1598 554 1667 id
572 1583 800 1690 corrigemus,
814 1621 911 1692 quarn
932 1596 1010 1668 inde
1033 1600 1147 1672 ordie·.

184 1729 272 1778 mur.
287 1703 458 1803 obliqueis
475 1701 645 1774 adsumere
662 1720 823 1796 oportere
842 1699 964 1801 figuras
981 1727 1056 1792 eas,
1069 1730 1145 1802 quae
1218 1787 1227 1808 Ι

184 1839 257 1887 non
278 1831 377 1886 erunt
392 1811 575 1909 ambigua,
596 1809 667 1883 sive
680 1809 877 1908 singulares,
901 1811 969 1884 sive
992 1811 1146 1906 multitu·

183 1922 292 2009 dinis;
318 1921 507 2019 exquibus
528 1919 563 1992 id
591 1916 781 2014 cujusmodi
806 1919 929 1992 debent
955 1920 1041 2010 effe,
1066 1945 1146 2017 per·

184 2035 265 2132 spici
284 2034 423 2134 poffint.
441 2034 529 2128 Nam
549 2055 724 2130 nunquam
742 2032 883 2106 alterum
902 2059 945 2106 ex
962 2033 1069 2109 altero
1091 2035 1152 2106 vis

184 2146 356 2219 deturtut
374 2142 586 2240 Chrysippus
604 2139 741 2232 scribit,
755 2142 1037 2240 quemadmodum
1051 2164 1147 2256 pater

185 2278 228 2327 ex
247 2254 341 2345 filio,
360 2254 400 2327 δι
421 2250 510 2326 filius
530 2276 572 2324 er
596 2269 701 2348 patre.
720 2250 961 2350 nequeminus
982 2252 1019 2324 in
1035 2251 1149 2326 sorni·

186 2362 281 2436 cibus
299 2376 440 2457 propter
461 2358 624 2432 srnisttam
648 2358 765 2433 dextra
784 2358 866 2448 stat,
882 2384 984 2457 quarn
1004 2383 1147 2457 propter
1231 2393 1234 2402 ·

186 2473 337 2547 dextram
358 2467 491 2543 finistra.
511 2469 755 2565 Quapropter,
769 2484 808 2538 ut
824 2491 864 2539 err
884 2465 1000 2540 terreis
1019 2469 1146 2542 casibus

186 2578 338 2677 obliqui,
357 2579 396 2652 bt
417 2601 460 2649 err
484 2576 654 2678 obliqueis
674 2576 777 2664 redi,
797 2578 836 2648 δι
857 2600 899 2647 ex
931 2575 1149 2673 srngularibus

186 2686 438 2776 multitudines,
452 2685 491 2758 δι
501 2710 544 2757 ex
558 2685 782 2784 multitudinis
796 2684 1150 2782 singularesnonnun·

174 2820 286 2895 'quarn
304 2793 497 2892 recuperari
512 2793 664 2889 potsunt:
678 2792 882 2891 principium
895 2795 929 2866 id
942 2796 1149 2892 potissimum
1261 2823 1263 2832 ⁴

187 2904 279 3000 sequi
297 2906 478 2995 debemus,
495 2920 533 2975 ut
553 2901 590 2975 in
610 2928 653 2976 eo
681 2902 936 2978 fundamentum
959 2905 998 2978 srt
1024 2908 1070 2978 in'
1086 2934 1153 2988 na·,

188 3034 281 3102 tura,
299 3017 393 3113 quod
406 3015 441 3087 in
460 3013 750 3090 declinationibus
764 3016 811 3090 ibi
829 3016 962 3092 facilior
976 3018 1075 3090 ratio.
1089 3022 1150 3091 Fa·

189 3124 364 3199 cilerenim
391 3126 436 3198 ell
460 3125 939 3225 animadvertere,peccatum
965 3125 1068 3223 magis
1090 3153 1165 3199 can

189 3237 268 3309 dere
284 3232 378 3331 posse
395 3234 431 3307 in
454 3235 687 3333 impositiones
709 3261 785 3323 eas,
803 3260 878 3332 quae
895 3232 981 3305 fiunt
1000 3235 1150 3330 plerum·

189 3345 309 3443 quein
330 3345 448 3418 redeis
470 3346 597 3419 casibus
618 3345 854 3444 fingnlaribus:
875 3344 967 3441 quod
991 3345 1151 3420 homines

190 3455 336 3553 imperiti
349 3457 387 3531 δι
402 3454 534 3553 dispersi
548 3458 715 3538 vocabula
730 3456 828 3530 rebus
844 3454 1045 3553 imponunt,
1059 3479 1151 3557 quo-

190 3591 325 3661 cunque
342 3592 402 3640 eos
421 3566 528 3641 libido
548 3568 720 3643 invitavit.
740 3587 856 3654 natura
882 3569 1079 3666 incorrupta
1103 3568 1151 3642 est

190 3673 388 3770 plerumque
409 3672 523 3766 suapte
543 3673 682 3760 sponte,
704 3676 764 3748 nisr
785 3674 844 3771 qui
868 3701 940 3748 eam
960 3676 1020 3747 usu
1040 3674 1152 3746 inscio

193 3781 401 3881 depravavit.
417 3785 534 3877 Quare
555 3784 578 3859 li
596 3793 670 3884 quis
679 3785 884 3887 principium
900 3785 1062 3884 analogiae
1081 3806 1150 3883 po·
1174 3859 1177 3864 ,
