2834 4567
266 368 316 440 70
461 343 510 414 M.
536 340 753 420 TERENTH
776 341 1014 415 VARRONIS
1214 345 1241 404 l
1391 451 1392 454 Ἴ

267 520 302 576 te
320 499 422 598 ipsam
445 499 558 599 suapte
575 502 765 592 addudam,
779 526 817 576 ur
830 500 978 575 tunicam
992 505 1152 578 &cetera
1169 527 1226 577 re·

266 610 396 710 jiceret.
414 611 564 685 Eandem
595 612 809 705 voluntatem
835 609 1015 685 Terentius
1042 612 1228 711 fignificat,

268 750 346 799 curn
366 723 428 813 ait,
441 721 550 796 Satius
569 722 634 797 esse
655 721 711 800 sua
729 721 848 818 sponte
868 722 1105 815 terrefacere,
1126 751 1229 823 quam

261 830 382 936 ¹alieno
396 849 499 902 metu.
512 830 566 903 Ab
579 830 695 905 eadent
710 828 847 926 sponte,
862 855 881 916 a
898 854 964 925 qua
983 829 1109 904 diuum
1126 831 1230 926 spon·

271 940 369 1028 dere,
383 937 589 1012 declinatum
603 935 766 1034 spondet,
785 940 823 1013 dt
840 936 1057 1035 Respondet,
1072 938 1232 1035 Despon·
1261 1031 1266 1046 Ι

272 1047 350 1137 sor,
369 1049 408 1122 δι
427 1041 577 1143 Sponsa,
590 1048 671 1121 itern
690 1048 736 1123 fic
762 1047 836 1123 alia
858 1048 1011 1144 Spondet
1036 1046 1147 1135 enirn,
1172 1043 1232 1145 qui

273 1158 357 1231 dicit
374 1155 429 1230 sua
449 1157 588 1253 sponte,
607 1156 772 1255 spondeo.
790 1157 931 1254 spondet
950 1156 1051 1231 etianr
1070 1155 1234 1253 sponsor,

273 1261 334 1359 qui
350 1261 440 1335 idern
455 1281 492 1334 ut
513 1262 634 1352 saciat,
650 1264 829 1363 obligatur.
846 1263 928 1339 hinc
947 1262 1117 1362 Sponsus,
1132 1264 1234 1335 Con·

148 1399 154 1416 ‘
274 1372 428 1467 sponsus.
440 1370 511 1446 hoc
527 1372 668 1449 Naevius
678 1372 854 1474 significat,
869 1400 946 1450 curu
957 1375 1017 1461 ait,
1031 1370 1236 1468 consponsi.

277 1485 515 1581 spondebatur
536 1486 701 1582 pecunia,
725 1504 784 1560 aut
806 1482 875 1559 filia
901 1484 1091 1582 nuptiarum
1116 1480 1237 1556 causat

278 1592 570 1689 appellabatur&
596 1595 763 1690 pecunia,
790 1597 828 1671 dr
853 1621 931 1694 quae
954 1592 1119 1691 desponsa
1146 1610 1238 1680 erat,

278 1699 418 1797 Sponsa.
440 1726 516 1800 qua
537 1704 679 1798 pecunia
695 1705 784 1778 inter
804 1703 835 1778 se
860 1721 981 1778 contra
1002 1693 1159 1801 sponsum
1182 1719 1240 1770 ro·

279 1829 356 1908 gata
380 1814 576 1904 erat,·dida
598 1816 757 1911 Sponsro.
778 1814 832 1889 cui
851 1814 1011 1908 desponsa
1036 1813 1133 1912 quod
1149 1827 1242 1896 erat,
1308 1805 1311 1810 “

281 1917 441 2017 Sponsus.
454 1945 524 2021 quo
543 1922 598 1997 die
616 1923 774 2017 sponsum
794 1941 882 2010 erat,
894 1920 1075 2016 sponsalis.
1087 1921 1146 2016 qui
1161 1920 1243 2014 spo·

283 2032 447 2127 ponderat
467 2031 592 2122 filiam,
611 2031 837 2127 Despondiffe
859 2030 1054 2116 dicebatur3
1079 2028 1175 2126 quod
1201 2029 1243 2103 de

283 2137 405 2236 sponte
428 2141 520 2233 ejus,
541 2142 644 2217 idest
666 2142 868 2230 voluntate,
885 2139 1023 2213 exierat.
1045 2141 1130 2213 Non
1151 2139 1245 2212 eninr

286 2248 310 2322 sr
329 2247 488 2339 volebat,
501 2250 618 2339 dabat,
632 2251 728 2349 quod
749 2249 873 2347 sponsu
889 2270 959 2326 erat
977 2249 1140 2351 alligatus.
1154 2249 1246 2324 Nam

286 2351 322 2427 in
335 2355 517 2434 comoediis
536 2358 631 2432 vides
647 2359 738 2450 dici,
752 2359 926 2456 Sponden’
946 2377 1037 2432 tuam
1051 2376 1182 2458 gnatam
1201 2353 1246 2428 fi·

145 2549 149 2562 Ι
289 2464 339 2536 lio
359 2491 499 2541 uxorem
519 2470 623 2544 meo?
640 2470 737 2570 quod
759 2489 830 2542 tunt
848 2470 887 2544 dt
909 2468 1108 2565 pretorium
1131 2466 1182 2559 jus
1202 2463 1248 2538 ad

290 2573 414 2672 legent,
436 2580 473 2653 δι
491 2579 679 2654 censorium
697 2576 860 2673 judicium
886 2578 928 2650 ad
946 2603 1079 2675 aequum
1104 2576 1249 2650 aestima·

290 2682 399 2759 batur.
414 2686 469 2760 Sic
486 2685 709 2782 Despondisse
728 2687 876 2761 animum
892 2711 1035 2786 quoque
1051 2686 1196 2773 dicitur,
1210 2700 1252 2758 ut

293 2793 500 2890 despondisse
520 2795 647 2886 filiam
669 2799 764 2897 quod
787 2797 854 2873 suae
880 2798 1011 2897 spontis
1033 2795 1189 2869 statuerat
1208 2791 1250 2865 si-

158 2913 164 2922 '
293 2924 420 2976 neura
442 2930 510 3001 qua
530 2907 659 3001 Sponte
680 2905 813 2998 dicere,
833 2931 910 2981 cum
927 2905 1093 3003 spondere
1101 2913 1253 3002 ‘quoque

293 3010 471 3104 dixerunt,
488 3038 565 3088 cunr
585 3039 604 3087 a
625 3013 745 3112 sponte
763 3015 1041 3112 responderetur,
1061 3012 1097 3087 id
1118 3012 1188 3102 esi,
1211 3010 1255 3086 ad

294 3109 510 3198 voluntatem
529 3125 689 3226 rogantis.
717 3129 833 3221 ltaque
855 3123 913 3222 qni
934 3124 977 3195 ad
1002 3123 1056 3215 id,
1076 3124 1173 3223 quod
1196 3146 1256 3194 ro·

295 3251 412 3332 gatur,
431 3260 503 3311 non
526 3236 631 3324 dicit,
651 3261 720 3308 non
742 3235 942 3332 responderr
961 3254 999 3308 ut
1019 3260 1090 3310 non
1110 3230 1256 3330 spondet

296 3343 354 3417 ille
369 3346 476 3420 statinr
488 3402 499 3438 ,
511 3346 571 3446 qui
590 3335 677 3419 dixit
694 3344 907 3444 spondeo,sr
926 3341 1063 3439 jocandi
1084 3339 1178 3414 causa
1199 3337 1256 3411 di·

297 3454 370 3531 xitr
388 3481 498 3553 neque
519 3458 572 3557 agi
592 3456 701 3555 potest
719 3480 798 3530 curn
819 3479 864 3529 eo
884 3479 926 3528 ex
943 3453 1076 3551 sponsu.
1096 3454 1144 3522 lta
1165 3444 1258 3546 quis·

297 3566 376 3664 quis
398 3566 479 3638 dicit
497 3566 533 3639 in
557 3566 740 3665 tragoedia,
766 3563 990 3640 Meministine
1010 3580 1045 3635 te
1067 3557 1260 3656 desponde·

298 3665 336 3750 're
358 3674 443 3749 mihi
469 3694 598 3774 gnatam
628 3675 745 3749 tuam?
769 3676 862 3771 quod
890 3674 959 3746 stne
980 3671 1100 3766 sponte
1121 3669 1177 3742 sua
1204 3668 1259 3740 di·
1351 3725 1357 3734 .

298 3786 370 3878 xit,
388 3810 467 3862 curn
483 3809 528 3859 eo
546 3786 598 3890 agi
617 3811 689 3862 non
706 3784 817 3886 potest
839 3812 881 3860 ex
901 3780 1034 3884 sponsu.
1052 3779 1160 3858 Etiam
1178 3781 1262 3879 Sper
