2834 4567
285 316 334 416 98
462 289 537 388 'nt
561 301 782 391 renam
807 319 1047 407 vannortrs

284 482 324 555 in
342 474 505 576 proximo
527 475 618 547 libro
640 477 899 552 retractandum.
921 483 1024 577 Apud
1044 483 1253 576 Pacuvium,

281 585 387 661 Nulla
408 607 462 658 res
483 606 593 681 neque
609 582 780 684 cicurare,
799 611 911 685 neque
926 590 1054 664 mederi
1076 591 1166 689 potis
1185 594 1253 686 est,

282 721 395 796 neque
410 693 559 771 reficere.
576 690 761 785 Cicurare,
774 696 1035 773 mansuefacere.
1052 702 1147 799 quod
1161 701 1252 776 enim

196 877 201 884 .
281 836 304 886 a
322 808 398 883 fero
417 804 619 896 discretum,
634 804 669 877 id
681 804 922 882 diciturCicur
933 835 943 882 r
956 810 996 884 bt
1009 810 1088 885 ideo
1105 812 1253 909 didium,

282 919 391 995 Cicur
402 914 576 1014 ingenium
591 913 760 1006 obtineo,
777 918 1000 992 mansuetum.
1019 945 1038 993 a
1056 945 1128 1019 quo
1142 926 1252 997 Vetu-

281 1029 326 1103 rii
343 1049 482 1124 quoque
498 1022 631 1098 nobiles
647 1023 883 1122 cognominati
900 1024 1067 1101 Cicurini.
1084 1030 1121 1101 ld
1136 1048 1251 1104 natum

280 1165 301 1224 a
324 1137 414 1211 cieo.
435 1133 560 1206 Cicum
582 1133 740 1207 dicebant
760 1133 989 1208 membranam
1005 1153 1252 1237 tenuem„quae

281 1247 329 1324 cll
349 1247 387 1318 in
406 1244 497 1317 malo
520 1240 652 1316 Punico
672 1241 863 1319 discrimen.
885 1268 996 1343 aquo
1020 1246 1122 1320 etiam
1149 1249 1251 1321 Plau·

280 1380 337 1435 tue
354 1358 460 1444 dicit,
479 1355 587 1451 Quod
599 1355 697 1429 volet
710 1356 851 1431 densum
865 1358 976 1433 cicum
988 1384 1060 1433 non
1078 1360 1249 1437 interduo,

280 1470 384 1569 Apud
403 1466 586 1554 Navium,
605 1467 732 1541 Eccum
755 1466 874 1541 venire
901 1469 1005 1545 video
1029 1469 1136 1544 serme
1159 1467 1251 1567 inju-

280 1580 343 1653 ria.
361 1581 478 1650 Ferme
505 1574 650 1666 dicitur,
666 1574 765 1672 quod
780 1599 873 1650 nunc
893 1575 1177 1677 strenuumque
1196 1578 1251 1652 di·
1278 1580 1286 1604 ⁸
1330 1605 1332 1610 ’

279 1688 372 1762 aun
389 1711 408 1759 a
428 1684 593 1772 serendo,
610 1683 707 1782 quod
729 1683 784 1774 id,
797 1686 893 1783 quod
913 1685 1039 1776 sertur,
1058 1687 1156 1761 estin
1173 1712 1249 1761 mo·

193 1885 199 1904 l
279 1816 340 1888 tu,
362 1817 465 1895 atque
489 1794 661 1868 adventat.
685 1793 788 1889 Apud
816 1793 993 1885 Plautum,
1012 1789 1112 1869 ‘Euax
1132 1795 1248 1895 jurgio

277 1934 425 1986 uxorem
440 1908 575 1980 tandem
592 1905 688 2002 abegi
711 1905 754 1977 ab
770 1903 881 2000 janua.
895 1909 991 1979 Euar
1006 1911 1147 1982 verbum
1161 1911 1248 1986 nihil

276 2017 458 2120 fignificat,
475 2017 530 2089 sed
541 2013 723 2088 effutitium
739 2015 935 2089 naturaliter
954 2017 1012 2093 est.
1028 2039 1065 2093 ut
1079 2023 1168 2118 apud
1180 2025 1247 2096 En·

276 2129 392 2215 nium,
415 2125 510 2196 Hebe
529 2122 598 2218 ipse
616 2120 761 2221 clypeus
780 2123 914 2198 cecidit.
933 2127 1036 2223 Apud
1058 2131 1246 2225 Naevium,

275 2242 371 2315 Eheu
384 2260 458 2310 mea
470 2235 581 2333 puella
590 2273 606 2326 g
616 2234 673 2332 spe
682 2234 819 2334 quidem
833 2236 862 2313 is
875 2237 1046 2315 succenset
1060 2242 1133 2316 tibi.
1144 2243 1246 2340 Apud

275 2346 508 2444 Pompilium,
525 2346 602 2417 Heu
621 2369 685 2443 qua
698 2369 754 2419 me
770 2344 866 2421 causa
879 2346 1017 2423 sortuna
1032 2348 1151 2425 infesta
1168 2378 1247 2450 pre·

276 2461 369 2536 misi
390 2458 501 2553 Quod
519 2457 567 2530 ait
591 2457 728 2556 largio,
745 2457 783 2532 id
800 2459 868 2551 est,
885 2457 1011 2534 litibus.
1029 2449 1144 2556 ltaque
1166 2462 1247 2559 qui·

276 2573 342 2648 bus
362 2589 434 2644 erat
452 2568 490 2641 in
510 2568 770 2659 controversia,
794 2594 832 2643 ea
855 2571 1045 2646 vocabatur
1066 2571 1146 2647 Lis:
1165 2571 1247 2647 ideo

275 2684 314 2757 in
334 2679 524 2754 actionibus
544 2679 700 2754 videmus
722 2678 813 2770 dici,
826 2680 942 2772 Quam
963 2705 1034 2754 rem
1057 2681 1130 2756 sive
1151 2681 1245 2760 litent

277 2793 391 2866 dicere
404 2805 553 2885 oportet.
563 2789 616 2861 Ex
630 2811 704 2885 quo
715 2786 793 2864 licet
808 2788 945 2884 videre,
962 2791 1099 2887 Jurgare
1115 2790 1159 2865 ab
1171 2790 1246 2888 jure

276 2904 424 2979 dietum:
444 2924 520 2975 eum
538 2898 614 2998 quis
629 2896 701 2992 jure
722 2900 877 2998 litigaret.
890 2925 993 2998 aquo
1005 2899 1177 3002 Obiurgat
1193 2903 1221 2980 is
1230 2960 1244 2997 ,

273 3013 335 3113 qui
356 3013 391 3085 id
419 3007 501 3083 facit
524 3007 655 3103 injuste.
682 3009 784 3105 Apud
800 3009 1023 3100 lucretium,
1048 3013 1161 3109 Atque
1185 3015 1245 3089 ali·
1328 3037 1330 3042 ·

272 3144 364 3219 quos
380 3119 429 3192 ibi
440 3119 483 3192 ab
498 3119 598 3191 rebus
615 3118 763 3216 clepsere
786 3118 878 3194 soro.
889 3117 960 3215 Qui
975 3121 1124 3220 clepsere
1138 3124 1243 3216 dixit,

272 3234 364 3306 unde
377 3232 476 3306 etiam
494 3231 550 3303 alii
562 3231 729 3329 Cleperct
747 3229 782 3302 id
800 3229 871 3323 est,
885 3230 1079 3330 corripere;
1093 3258 1242 3332 quorum

272 3341 377 3437 origo
396 3365 416 3414 a
436 3340 548 3430 clam,
569 3360 607 3412 ut
636 3339 675 3411 srt
702 3338 828 3412 dietum
851 3339 1006 3438 clepere,
1023 3342 1062 3416 &
1080 3366 1123 3414 ex
1141 3344 1189 3431 E,
1210 3345 1240 3416 A
1285 3431 1287 3437 Ι

213 3487 222 3510 ι
275 3467 512 3540 commutato,
536 3469 575 3522 ut
596 3449 726 3539 multa,
747 3448 794 3521 est
818 3448 942 3525 fanum
963 3451 1105 3546 clepere.
1129 3450 1242 3526 Potesl

273 3560 315 3633 dc
334 3583 354 3632 a
375 3560 503 3632 Graeco
531 3558 656 3633 ditium
675 3562 817 3630 κλέπτειν.
837 3560 941 3657 Apud
959 3558 1127 3646 Matium,
1150 3560 1241 3634 Cor·

273 3693 361 3764 pora
391 3665 577 3762 Graiorum
612 3672 773 3744 maerebar
805 3655 970 3745 mandier⁸
986 3666 1067 3767 igni.
1095 3668 1240 3745 Didium

273 3777 432 3859 Mandier
453 3803 474 3855 a
491 3779 708 3877 mandendo,
727 3781 816 3857 unde
833 3777 1041 3858 manducari.
1061 3805 1082 3857 a
1104 3805 1179 3884 quo
1202 3781 1241 3856 in
