2834 4567
268 352 316 418 m
601 322 978 416 norm·

268 505 397 567 ridentur
408 526 441 565 ea
454 501 589 576 deessem
603 504 703 584 quibus
719 502 874 583 explicabat
883 504 987 578 Varro,
996 504 1063 586 quid
1075 503 1141 567 esset
1152 507 1232 567 Ado·

268 607 315 647 tea
330 590 358 647 in
375 606 453 647 exeri
475 587 502 646 lo
518 584 629 666 Sulpicii
643 603 723 646 antea
742 584 872 646 addudlo.
887 585 933 645 Ad
943 588 1019 667 quod
1037 588 1233 649 declarandum

267 668 377 809 vipptur
403 608 520 807 ippuplpde
537 665 701 729 versiculum
716 665 804 727 Plauti
825 684 860 727 ex
881 667 1086 748 Amphitruone
1108 668 1190 752 supra
1213 690 1232 732 a

266 766 564 912 nodleiplllndalleiiite
583 850 647 912 apro
667 835 811 910 odoretque
828 827 914 909 officit
929 831 1066 910 populeris
1073 830 1148 912 suos.

269 911 373 987 Unde,
390 911 468 991 quod
492 932 565 971 nunc
587 912 698 972 diflerat
720 910 754 971 de
774 913 885 991 prada,
903 909 931 970 id
951 910 1004 971 elle
1022 933 1055 970 ex
1072 911 1231 975 testimonio

267 991 376 1066 Plauti,
394 992 470 1073 quod
486 991 542 1073 ipse
558 994 685 1073 explanat
704 1009 820 1070 propter
841 992 929 1052 verba
947 993 990 1051 illa
1003 990 1127 1073 Sulpicii.
1140 993 1230 1055 Porto

149 1128 154 1135 .
269 1076 336 1137 nihil
355 1073 394 1134 eil
412 1074 575 1133 mutandum
595 1077 623 1133 in
638 1073 731 1134 verbis
750 1071 906 1145 Varronis,
921 1088 951 1131 ut
965 1090 1042 1153 putet
1058 1074 1231 1138 Vertranius.

268 1177 333 1217 narn
344 1156 425 1217 etiarn
442 1154 563 1236 prtedam
580 1156 722 1215 vocabant
737 1153 775 1226 id,
787 1172 843 1234 quo
858 1155 886 1211 in
903 1153 1085 1214 locationibus
1102 1158 1133 1218 δι
1148 1157 1230 1219 rebus

267 1238 397 1319 mancupi
417 1236 450 1297 ὃ(
463 1236 519 1295 aliis
533 1232 668 1311 ejusmodi
687 1233 796 1315 publice
814 1234 974 1296 cavebatur.
988 1235 1124 1298 ScALIG.

309 1318 354 1379 lin.
375 1337 419 1397 17.
430 1318 549 1396 Quodne
558 1318 666 1400 pignori
680 1319 747 1378 data
759 1317 839 1396 δια]
855 1315 946 1399 Marg.
963 1314 1064 1400 Scalig.
1081 1339 1110 1379 eo
1120 1317 1231 1400 pignore

268 1402 341 1461 doto.

310 1480 356 1542 lin.
374 1477 420 1541 18.
444 1479 501 1543 Ubi
514 1501 585 1541 nunt
596 1480 630 1560 esi
647 1478 859 1623 Roma,‹se0pitem
873 1478 996 1539 montium
1011 1478 1134 1557 demiffiot
1149 1483 1230 1562 &c.]

268 1560 359 1622 locus
374 1559 528 1622 mendosus.
548 1563 739 1625 AUGUS‘HN.
805 1559 939 1621 ntexenda
956 1558 1035 1633 sunt,
1052 1579 1114 1643 quae
1129 1563 1233 1638 disiun-

269 1643 312 1703 tta
329 1643 389 1703 sunt
407 1640 623 1722 improbiffirne:
650 1646 707 1705 Ubi
732 1642 853 1722 trunces
871 1644 958 1725 Roma
974 1642 1167 1724 septimontium
1183 1666 1232 1704 no.

267 1724 411 1799 minatum,
431 1727 466 1782 ab
482 1742 521 1784 tot
540 1725 689 1795 montibus,
707 1746 773 1805 quos
787 1724 875 1803 posint
891 1724 951 1782 urbs
970 1725 1051 1784 muris
1069 1725 1233 1806 comprehen-

183 1874 189 1886 ο
268 1807 317 1867 dit.
336 1807 377 1868 At
396 1825 479 1884 rupes
499 1803 625 1886 Tarpejn
645 1827 706 1887 pars
724 1820 784 1865 erat
805 1803 907 1864 montis
922 1802 1072 1886 Capitolini
1091 1824 1231 1887 praeceps,

267 1888 342 1947 unde
355 1906 485 1947 nocentes
502 1885 702 1966 dejiciebantur
721 1884 866 1946 interdum.
889 1880 1064 1957 Plutarchus,
1081 1885 1156 1949 nair
1171 1887 1230 1948 'ne‘-

269 1988 340 2049 nprtt
357 1966 402 2027 'det
426 1962 471 2028 νῦν
493 1965 519 2027 it
537 1965 580 2042 uqi
600 1965 772 2044 Καπιτωλίῳ
792 1965 943 2045 Tapnn'i'uu
962 1963 1112 2040 murini,
1130 1967 1179 2042 ἀφ’
1196 1960 1230 2031 ic
1285 1966 1289 1975 ’

240 2054 241 2059 Ὗ
266 2070 414 2189 tritt
427 2045 925 2208 ιβιτῑτβςῖεβιεῑβἕ
941 2045 1230 2212 attenuent:

269 2226 298 2270 tn
313 2172 451 2291 quodain,
467 2210 545 2282 cujus
564 2229 669 2270 nornen
694 2229 752 2270 non
768 2208 914 2290 apposnit,
928 2210 1004 2291 quod
1020 2211 1106 2293 vulgo
1128 2210 1232 2273 notilli·

268 2290 409 2350 musellet
431 2286 588 2351 versiculus.
611 2289 659 2351 Est
673 2292 747 2352 enim
769 2289 925 2352 trochaicus
940 2293 1044 2375 integer
1065 2313 1130 2353 cunt
1149 2313 1228 2357 acro·

263 2369 379 2433 stichide
403 2369 556 2452 sequentis:

307 2452 519 2612 ΗΙὶςιΜιιόὶΙιιιιηι
540 2454 575 2535 ιβ
596 2453 682 2514 Romo
696 2455 794 2536 septem
809 2455 934 2515 montium
950 2453 1073 2533 demiffior

305 2537 339 2597 ln
386 2556 419 2592 us
447 2553 510 2596 ocus
526 2566 561 2580 -

264 2615 393 2697 Sequitur
413 2616 488 2676 enirn
509 2613 598 2675 statim
621 2616 893 2697 interpretamentum
910 2613 994 2696 ipsius
1008 2616 1165 2695 Varronis,
1184 2618 1231 2687 In-

261 2699 362 2776 fimus,
387 2697 558 2757 humillimus.
588 2694 679 2776 Quod
704 2718 795 2759 autent
816 2696 985 2759 dodliffimus
1011 2697 1161 2759 Turnebus
1181 2701 1228 2762 hic

262 2777 412 2861 legendum
429 2776 540 2854 censet,
555 2779 771 2860 Septimontium,
788 2798 830 2839 nae
849 2780 871 2838 is
881 2779 997 2839 multum
1012 2778 1119 2840 fallitur.
1138 2780 1228 2863 Septi·

229 2870 232 2883 '
262 2860 403 2921 montium
419 2860 492 2921 enim
522 2879 660 2942 nunquam
684 2860 736 2920 fuit
756 2861 833 2920 locus
851 2858 969 2933 Rotnae,
989 2858 1033 2919 sed
1054 2860 1112 2919 dies
1129 2861 1229 2939 festus,

233 2968 240 2977 ·
266 2940 312 3003 vel
332 2944 424 3024 potius
446 2939 570 3014 lactum,
592 2941 667 3020 quod
690 2940 792 3023 septem
814 2943 954 3002 montibus
982 2937 1074 3000 fiebat.
1097 2941 1230 3006 Meminit

264 3021 453 3085 Tertullianus
473 3022 543 3083 libro
566 3021 601 3082 de
622 3019 797 3082 Idololatria:
819 3021 929 3099 Etiam,
953 3021 1056 3103 inquit,
1071 3025 1161 3103 steno
1178 3046 1228 3085 ea·

260 3108 388 3185 ptandae,
409 3102 436 3163 (e
448 3102 662 3186 septimontium,
680 3105 706 3163 6·
724 3103 837 3174 brume,
855 3102 883 3163 θ
905 3124 972 3164 carn
991 3106 1156 3187 cognationis
1174 3107 1227 3164 lto-

263 3189 369 3246 noraria
385 3187 514 3264 exigenda
533 3185 631 3245 omnin.
656 3184 793 3246 SctLIG.
816 3181 863 3243 Est
879 3183 975 3246 versus
993 3182 1105 3265 alicujus
1125 3186 1228 3246 vetetis

262 3282 371 3346 poetae,
386 3265 562 3327 describentis
582 3264 662 3327 situm
683 3284 780 3337 tetrae,
803 3266 848 3325 ubi
894 3264 937 3327 ost
960 3267 1071 3330 condita
1093 3265 1143 3326 fuit
1167 3265 1228 3339 Ro

261 3366 328 3410 ma:
346 3348 389 3408 cui
407 3345 463 3408 fere
482 3350 607 3430 geminus
628 3347 670 3407 ille
686 3348 792 3429 Virgilii
801 3366 828 3486 ‘p
901 3347 955 3412 eid.

446 3431 689 3489 ——uondum
704 3430 785 3490 Ilium
837 3449 910 3489 arces

302 3511 343 3569 Pe
373 3528 450 3569 emen
467 3511 608 3590 steterant,
623 3512 784 3574 habitabant
804 3510 923 3569 vallibus
934 3508 1004 3574 imis.

260 3588 334 3653 Eum
343 3528 441 3650 Varro
451 3590 495 3650 hic
507 3590 633 3661 adducit,
649 3610 703 3680 ut,
715 3593 846 3672 quoniam
867 3591 997 3652 hedenus
1013 3587 1163 3673 explicavit
1171 3593 1226 3653 ori·

248 3700 251 3705 ·
281 3677 341 3733 ines
366 3672 588 3748 vocabulorum,
606 3692 667 3767 quae
695 3674 731 3732 ad
749 3674 864 3733 humum
891 3674 1043 3752 pertinent,
1066 3693 1139 3732 nunc
1167 3672 1227 3754 eius

260 3693 386 3815 derivata
403 3751 595 3836 persequatur,
615 3771 684 3814 anter
703 3754 767 3835 quae
790 3756 897 3827 humor,
913 3755 1017 3833 findor,
1037 3753 1069 3814 dt
1081 3752 1177 3814 similia
1188 3772 1225 3815 :a

232 3841 238 3854 “
259 3836 359 3918 quibus
370 3852 478 3921 arrepta
488 3833 656 3915 occasione,
668 3852 699 3898 ut
712 3835 801 3912 solet,
817 3832 958 3899 descendit
974 3835 1010 3898 ad
1023 3838 1227 3919 nomimaqua.
