2834 4567
280 362 347 438 166
478 365 528 437 M.
553 363 771 492 Tssnrpfflr
797 368 1029 444 VARRONIS

276 527 371 623 quod
392 525 500 602 solent
515 527 596 602 sumi
615 529 651 601 in
665 532 792 606 casibus
809 531 1065 624 conferendeis,
1081 534 1170 608 rede
1188 557 1233 607 an

277 663 450 734 perperam
476 637 673 714 videndum.
708 640 765 713 sed
790 642 985 740 ubicunque
1007 666 1237 718 commoven-

155 833 158 840 ,
277 766 333 819 tur
358 747 481 835 lirerae,
505 773 576 821 non
600 749 708 822 solum
735 751 787 822 hae
811 751 886 825 sunt
911 752 1236 839 animadvertendae,

277 856 460 961 sedetiam
486 883 563 956 quar
584 859 750 955 proximae
782 860 877 951 sunt,
901 886 1011 958 neque
1038 883 1235 934 moventur.

277 969 351 1043 baec
368 970 458 1042 enirn
473 967 630 1046 vicinitas
642 971 850 1071 aliquantum
873 973 983 1071 potest
1000 976 1036 1048 in
1055 974 1237 1048 verborum

117 1134 121 1143 .
277 1075 572 1154 declinationibus.
585 1082 623 1152 ln
640 1079 736 1178 queis
754 1077 888 1178 figureis
905 1106 977 1154 non
994 1106 1032 1154 ea
1052 1080 1169 1154 similia
1183 1080 1240 1156 ‚di-

279 1209 396 1260 cemus
402 1209 498 1285 ,quae
512 1186 645 1262 limileis
659 1213 711 1264 res
732 1186 938 1286 fignificant:
954 1190 1008 1264 sed
1022 1216 1098 1289 qua
1112 1217 1149 1265 ea
1168 1192 1240 1266 for·

278 1320 335 1367 ma
352 1294 435 1385 sant,
448 1315 486 1368 ut
504 1297 669 1392 ejusmodi
692 1321 745 1374 res
760 1299 877 1373 finilia
903 1326 946 1373 er
965 1300 1117 1374 instituto
1138 1301 1241 1400 figni·
1306 1301 1310 1312 “

280 1402 383 1479 ficare
411 1406 610 1506 plerumque
634 1408 772 1486 soleant.
798 1430 836 1485 ut
866 1412 1016 1486 tunicam
1044 1411 1177 1485 virilem
1203 1414 1243 1487 δι

120 1514 141 1536 ·’
204 1597 209 1610 ,
281 1515 499 1607 muliebrem,
512 1518 655 1593 dicimus
674 1544 746 1593 non
766 1543 858 1609 eam,
873 1546 975 1620 quant
997 1520 1097 1593 habet
1115 1520 1169 1595 vir
1186 1538 1244 1594 aut

282 1625 423 1718 mulier,
444 1626 498 1708 sed
517 1655 619 1727 quam
639 1630 763 1705 habere
787 1656 830 1705 ex
856 1631 1008 1705 instituto
1033 1632 1143 1704 debet.
1161 1649 1244 1727 pot·

282 1732 330 1806 est
346 1735 436 1809 enim
450 1738 645 1812 muliebrem
665 1738 733 1829 vir,
748 1739 884 1814 virilem
902 1739 1023 1813 mulier
1036 1740 1174 1840 habere,
1188 1737 1246 1837 (ut
1398 1765 1401 1766 ⁷

186 1857 191 1866 “
282 1839 319 1915 in
345 1844 456 1954 serenat¹
471 1849 513 1921 ab
534 1850 715 1934 actoribus,
729 1846 1062 1947 haberividemusr)
1091 1848 1148 1922 sed
1172 1869 1246 1921 eam

141 2001 145 2008 ·
284 1953 427 2029 dicimus
441 1956 654 2048 muliebrem,
668 1982 747 2054 quae
763 1956 806 2029 de
824 1978 868 2029 eo
883 1949 1004 2054 genere
1020 1957 1085 2044 est,
1100 1979 1172 2053 quo
1191 1954 1248 2025 in·

285 2063 372 2136 dutu
382 2065 536 2140 mulieres
553 2085 591 2141 ut
617 2083 810 2152 uterentur,
825 2063 872 2138 eil
887 2062 1085 2136 institurum·
1099 2082 1137 2133 ut
1153 2063 1248 2133 ador

286 2169 403 2246 stolam
427 2173 643 2265 muliebrem,
667 2172 713 2248 lic
737 2174 927 2271 Perperna,
952 2167 1179 2260 secrecius,
1208 2172 1248 2245 δι

286 2278 470 2378 Purpurina
494 2281 599 2380 figura
617 2282 794 2358 muliebria
814 2282 973 2366 dicuntur
992 2280 1114 2355 habere
1132 2279 1248 2354 nomi·-⁸

286 2416 352 2479 na,
367 2414 441 2465 non
459 2394 648 2469 mulierum.
666 2395 818 2468 Flexurae
834 2404 972 2494 quoque
989 2390 1173 2466 limilirudo
1194 2390 1250 2462 vi·

289 2500 419 2584 denda,
436 2499 516 2573 ideo
541 2501 636 2599 quod
654 2503 719 2576 alia
745 2502 847 2576 verba
872 2525 971 2600 quam
994 2499 1067 2571 vim
1087 2498 1249 2588 habeant,

288 2634 332 2684 ex
341 2610 411 2683 heis
424 2610 571 2702 verbeis,
584 2601 674 2683 unde
687 2611 910 2698 declinantur,
919 2624 1121 2706 apparet,ut
1133 2631 1249 2705 quem·

123 2753 131 2770 ι
201 2761 206 2770 ·
289 2721 471 2795 admodum
492 2741 672 2820 oporteat,
693 2741 771 2796 uta
794 2738 942 2819 prator,
962 2718 1102 2807 consul;
1120 2739 1251 2820 praeto·

290 2831 340 2923 ri,
361 2829 502 2936 consuli.
516 2832 590 2905 Alia
610 2857 654 2906 ex
672 2831 812 2905 transitu
834 2830 1095 2926 intelleguntur,
1116 2844 1173 2914 ut,
1194 2825 1252 2898 so·

247 3017 249 3022 .
291 2963 367 3031 cer,
389 2964 522 3015 macer:
540 2941 634 3039 quod
659 2940 801 3015 alterurn
822 2936 863 3011 fit
885 2937 1062 3026 socerum,
1086 2934 1253 3027 alterum,

291 3075 463 3125 macrum:
480 3074 626 3150 quorum
645 3068 824 3148 utrumque
843 3047 877 3121 in
897 3043 1054 3143 reliqueis
1073 3070 1093 3119 a
1111 3042 1252 3118 transitu
1411 3061 1412 3096 ι

293 3160 384 3235 suam
408 3160 498 3235 viam
519 3159 666 3258 sequitur
684 3157 776 3233 &in
793 3155 1034 3256 ungularibus,
1051 3156 1089 3231 δι
1107 3153 1142 3227 in
1162 3150 1253 3225 mul·

292 3270 448 3346 titudinis
466 3270 758 3352 declinationibus.
777 3269 845 3342 hoc
868 3263 1020 3355 fitideo,
1034 3265 1130 3364 quod
1152 3281 1253 3336 naru-
1295 3355 1301 3368 ι

294 3406 405 3455 ratum
425 3406 546 3482 genera
560 3381 633 3455 suut
646 3381 736 3465 duo,
752 3403 827 3475 quae
848 3376 936 3450 inter
949 3375 982 3450 se
999 3363 1149 3450 conferri
1172 3368 1253 3470 p‘os·

296 3486 382 3562 lunt.
401 3515 527 3580 unum,
546 3487 639 3588 quod
662 3487 778 3584 perse
801 3484 911 3559 videri
933 3483 1062 3582 potest,
1081 3500 1119 3554 ut
1143 3477 1253 3553 homo

297 3598 336 3673 δι
355 3621 481 3697 equusz
502 3598 641 3670 alterum
661 3596 730 3671 fine
756 3595 903 3670 adsumta
924 3593 1035 3691 aliqua
1061 3616 1098 3668 rc
1124 3592 1255 3665 extrin-

283 3705 391 3788 ·secus
413 3705 556 3805 perspici
581 3731 652 3779 non
678 3708 798 3805 polim,
826 3727 863 3780 ut
888 3707 1020 3802 Eques,
1040 3703 1088 3782 ,bc
1115 3699 1255 3796 Equito.

299 3835 478 3918 utrumque
497 3814 588 3890 eninr
605 3814 732 3904 dicitur
757 3815 800 3890 ab
824 3838 935 3915 equo:
956 3836 1059 3913 quare
1080 3808 1254 3884 hominem
1409 3899 1410 3904 Ἰ
