2834 4567
1044 48 1142 84 x„-

825 118 831 177 i

265 315 333 393 282
458 273 1012 392 M.TERENr11vnRRONJs
1105 370 1110 381 .

310 480 437 552 Nonne
458 503 530 551 non
543 504 647 552 unum
662 478 810 552 scribunt
830 480 893 553 eise
906 481 1083 579 grandibus
1103 483 1216 581 super·

263 588 350 663 ciliis
373 589 549 677 Silonenr',
571 590 795 685 quadratum?
817 592 913 686 quod
930 589 1062 667 'Silenus
1084 593 1216 669 hirsutis

263 690 446 794 superciliis
467 697 672 797 fingeretur?
694 705 783 773 Non.
809 705 946 775 Silonrs.
1005 710 1009 717 '

312 817 671 909 Nonanin'radvertis',
690 817 855 910 cerarios,
864 847 945 896 eum
959 823 1074 898 videre
1092 824 1221 898 volunt

263 926 299 999 in
325 926 409 1000 mari
432 928 605 1017 chunnos,
630 928 862 1003 adscendere
852 957 887 1003 ιιι
914 935 1037 1006 malum
1060 934 1154 1024 alto,
1178 952 1219 1009 ut

263 1037 397 1218 penitus
419 1062 478 1134 per
507 1063 629 1137 aquarn
658 1038 859 1137 perspiciant
874 1041 1004 1174 piscesi
1030 1049 1196 1118 Nonius
1183 1073 1220 1116 m
1275 1098 1279 1103 .

291 1167 379 1216 elam

311 1266 385 1357 Qui
407 1265 482 1339 sunr
502 1266 684 1341 secundum
711 1287 863 1344 naturam
885 1271 1022 1367 perfeeii
1046 1274 1222 1367 homines,⁸

263 1358 392 1444 innon
418 1375 525 1448 rnodo
543 1399 603 1449 eos
623 1377 824 1472 speaemus,
839 1382 894 1456 sed
917 1383 1017 1457 etiam
1041 1383 1221 1490 imitemur.

263 1487 350 1556 Non.
372 1488 537 1580 Spcc‘lare,
552 1516 609 1582 pro
623 1492 762 1582 probare.

546 1696 948 1771 HECATOMBB

503 1822 507 1829 '
635 1811 711 1899 ssepi
731 1823 847 1883 θυσιῶν.
1004 1802 1007 1809 V

726 1922 747 1959 st

314 2032 404 2101 Luto
430 2028 541 2101 fluens
564 2027 623 2101 sub
649 2027 807 2099 Sardibus
828 2026 954 2098 flumen
976 2026 1055 2101 tulit

267 2138 410 2222 Aurum,
426 2137 509 2208 later
520 2136 614 2232 quod
627 2134 873 2232 conquadravit
884 2135 1005 2232 regius.
1020 2139 1109 2207 Non.
1121 2141 1225 2211 Later.

314 2251 358 2329 Ar
377 2245 479 2343 Regis
498 2246 582 2319 cnfis
599 2243 758 2343 sanguine
777 2244 925 2319 imbutus
946 2245 1057 2342 nigro.
1072 2250 1226 2335 Nonius,

267 2359 413 2431 imbuere.

315 2466 412 2538 Pater
432 2481 472 2538 ut
492 2490 612 2541 cruore
632 2466 763 2541 laveret
780 2482 944 2540 terrarum
970 2489 1115 2565 aggeres.
1135 2469 1225 2539 Non.

269 2576 453 2671 lavit,pro
475 2582 573 2657 lavat.

317 2685 461 2763 Ubirilla
482 2687 613 2780 phalera
629 2706 847 2785 gemmeaque
866 2681 1049 2780 ephippia,

229 2878 243 2896 .
269 2795 313 2865 Et
335 2815 425 2864 arma
447 2792 628 2887 margarito
654 2792 875 2866 candicantia.
902 2820 906 2835 ·

270 2907 421 2991 Nonius,
435 2904 665 2997 Margarimm,
677 2930 781 2998 genere
796 2906 927 2974 neutro.'

317 3015 472 3087 Socrates
493 3037 570 3085 curn
588 3011 624 3084 in
648 3013 797 3085 vinculis
816 3007 961 3106 publicis
976 3007 1075 3096 effer,
1099 3011 1138 3083 &
1160 3008 1227 3102 ianr

167 3192 169 3197 ,
270 3124 402 3198 bibiffet
426 3129 538 3194 κώνειον
559 3124 595 3197 in
607 3124 735 3198 exodio
751 3123 843 3198 vite.
867 3125 993 3195 Nonisrs
1007 3176 1019 3213 ,
1039 3127 1227 3213 Exodium,
1261 3206 1262 3217 χ

261 3237 355 3325 fian

962 2858 974 2895 ἱ

319 3342 430 3417 Mea
420 3343 521 3441 igitur
547 3342 758 3418 Hecatombe
775 3366 860 3440 pura
874 3344 911 3418 &
930 3359 1020 3442 pura.
1037 3344 1165 3415 Nonius
1192 3322 1247 3415 ἐπ’

274 3456 389 3526 Purus.

258 3632 260 3637 ,
323 3559 454 3647 Habes,
468 3560 551 3657 qui,
571 3563 608 3635 &
625 3560 723 3651 cujus
734 3586 780 3634 rer
770 3558 889 3635 causa
905 3558 1042 3632 fecerim
1057 3558 1230 3631 hecatom-

273 3671 339 3744 ben
353 3697 362 3744 :
378 3670 496 3767 inquo
514 3695 598 3769 ego,
611 3692 651 3743 ut
669 3692 779 3766 puro,
797 3673 957 3768 quoniam
974 3669 1022 3745 est
1041 3672 1146 3741 Luere
1159 3665 1229 3742 sol·v

275 3804 380 3874 vere,
393 3780 528 3859 Lutavi.
544 3784 633 3856 Non.
645 3784 783 3867 Lateri,
790 3809 851 3876 pro
861 3783 918 3854 lui.

496 4010 507 4051 i
