2834 4567
333 333 1259 479 mmmfflug'

156 539 285 613 sacreis
298 538 439 614 noslreis
452 537 606 614 verbum.
619 540 707 611 Nam
722 540 761 612 δι
775 506 970 636 Lupercalia
984 540 1129 614 Februa·

158 650 241 740 tio,
258 649 346 724 utin
365 649 603 748 antiquitatum
620 649 734 723 libreis
753 649 992 724 demonstravi.
1004 652 1127 745 Quiri·

158 762 255 836 nalia
267 789 286 835 a
299 761 470 857 Quirino,
483 764 578 860 quod
594 761 626 835 ei
641 763 722 836 Deo
739 762 849 852 feria,
865 766 903 837 δι
926 788 1044 837 eorum
1058 765 1126 837 ho·

154 871 298 944 minum
313 926 326 961 ,
339 870 637 970 quisornacalibus
655 869 741 944 sucis
757 896 829 946 non
850 872 988 946 fuerunt
1001 873 1124 948 feriati.

156 982 296 1056 Feralia
319 985 364 1055 ab
380 980 538 1071 insecus,
558 980 783 1082 deserendo:
799 985 895 1081 quod
917 983 1031 1056 ferunt
1050 1003 1127 1058 tum

153 1093 286 1187 epulas
316 1094 357 1169 ad
385 1094 599 1192 sepulcrum,
626 1093 749 1194 quibus
780 1094 833 1189 jus
864 1094 911 1167 ibi
938 1114 1126 1194 parentare.

156 1204 391 1294 Terminalia,
411 1204 507 1303 quod
528 1203 557 1278 is
581 1202 650 1277 dies
664 1204 744 1276 anni
762 1222 932 1276 extremus
957 1199 1128 1279 constitu·
1185 1215 1192 1220 ’

154 1328 232 1387 rus.
252 1314 489 1389 Duodecimus
509 1313 599 1387 enim
622 1312 742 1386 mensis
764 1313 827 1386 suit
848 1314 1067 1403 Februarius,
1086 1316 1127 1389 δι
1211 1395 1214 1400 .

155 1449 244 1498 cum
263 1426 501 1515 intercalatur,
517 1423 696 1498 inferiores
717 1423 873 1522 quinque
898 1425 969 1499 dies
994 1424 1127 1498 duode-

155 1535 258 1610 cimo
270 1538 451 1610 demuntur
470 1536 593 1611 mense.
609 1534 766 1632 Equiria,
779 1535 822 1607 ab
833 1560 1001 1633 equorum
1015 1533 1127 1609 cursu.

154 1647 219 1716 Eo
247 1645 338 1718 enim
361 1645 415 1718 die
437 1662 580 1720 currunt
602 1642 681 1738 equi
702 1643 739 1716 in
762 1668 885 1740 campo
909 1645 1044 1718 Martio.
1069 1644 1127 1724 l)

154 1751 292 1825 beralia
309 1751 416 1837 dieta,
434 1751 529 1849 quod
542 1772 601 1844 per
617 1766 731 1822 totum
755 1741 920 1846 oppidum
935 1776 978 1847 eo
997 1751 1053 1825 die
1076 1750 1127 1823 se·

156 1862 248 1935 dent
267 1861 458 1935 sacerdotes
469 1856 607 1947 Liberi,
625 1856 747 1931 hedera
763 1877 939 1948 coronata
956 1883 1037 1931 anus
1050 1881 1127 1932 cunr

158 1970 262 2045 libeis
283 1972 328 2044 &
345 1968 465 2043 foculo
478 1992 543 2066 pro
564 1985 696 2040 emtore
714 1964 946 2041 sacrificantes.
962 1972 999 2042 ln
1014 1966 1140 2046 libteis.

161 2081 359 2169 Saliorum,
380 2104 528 2178 quorum
546 2101 742 2177 cognomen
763 2078 1014 2176 Agonensiunn,
1031 2076 1129 2151 forfi-

161 2211 224 2265 tan
242 2192 299 2266 hic
316 2192 388 2265 dies
403 2192 483 2264 ideo
506 2190 694 2286 appellatur
714 2188 829 2287 potius
847 2189 990 2288 Agonia.
1008 2190 1128 2284 Quin·

162 2324 328 2400 quattus:
352 2302 408 2376 hie
428 2301 498 2374 dies
515 2325 640 2374 unusa
659 2300 809 2374 nominis
830 2324 945 2373 errore
959 2301 1126 2375 observa·

162 2431 245 2499 tur,
260 2413 403 2508 proinde
417 2429 456 2485 ut
468 2411 533 2484 sint
546 2411 698 2509 quinque
708 2409 812 2483 didus
824 2411 869 2483 ab
880 2411 1125 2485 Tusculaneisr
1248 2481 1250 2486 .

163 2520 244 2618 poll
260 2520 348 2594 diem
363 2518 492 2595 sextum
507 2521 611 2595 Eidus
627 2518 778 2593 similiter
795 2541 937 2594 vocatus
949 2521 1126 2606 Sexatrus;

164 2633 204 2704 δι
217 2628 292 2727 poll
311 2629 400 2702 diern
416 2628 612 2727 septimum,
629 2631 865 2726 Septimatrus:
883 2632 928 2705 src
940 2632 997 2706 hic
1008 2686 1019 2722 ,
1030 2632 1127 2730 quod

163 2760 237 2812 etat
258 2739 334 2837 poll
354 2740 442 2812 diem
463 2741 620 2840 quintum
641 2743 744 2814 Eidut
755 2796 768 2830 ,
790 2740 1033 2839 Quinquatrus.
1052 2743 1127 2816 Tu·

164 2850 338 2925 bilullrum
358 2852 566 2949 appellatur,
587 2855 681 2951 quod
694 2877 738 2927 eo
753 2853 807 2926 die
828 2852 863 2925 in
882 2853 970 2926 atrio
993 2854 1126 2927 sutorio

166 2958 335 3034 sacrorum
362 2963 452 3035 tubae
476 2961 665 3037 lustrantur.
686 2963 860 3063 Megalesia
880 2962 966 3037 dicta
986 2989 1003 3036 a
1024 2968 1128 3037 Grae-

167 3069 256 3159 ceis,
273 3073 366 3165 quod
390 3097 433 3146 etr
456 3071 550 3147 libris
569 3074 767 3174 Sibyllineis
785 3074 933 3147 arceffita
947 3075 989 3146 ab
1009 3075 1127 3147 Attalo
1269 3131 1272 3136 .

165 3203 246 3277 rege
265 3179 414 3278 Pergami
432 3207 542 3280 prope
565 3209 697 3256 murum
721 3183 945 3280 Megalesion,
966 3177 1022 3252 ubi
1042 3202 1128 3253 tem·

166 3289 262 3387 plum
280 3287 352 3384 ejus
372 3291 484 3383 Deae,
500 3293 591 3365 unde
607 3293 744 3367 advedla
759 3295 917 3364 Romam.
938 3288 1127 3365 Fordicidia

166 3425 185 3473 a
207 3398 335 3472 fordeis
355 3399 473 3475 bubus.
495 3400 559 3474 bos
579 3403 714 3491 Forda,
737 3427 814 3499 quae
833 3399 897 3472 serr
920 3398 955 3471 in
976 3419 1096 3474 ventre
1114 3425 1128 3489 ;

166 3508 260 3604 quod
273 3533 313 3581 ea
330 3508 386 3581 die
401 3510 535 3603 publice
554 3510 775 3584 immolantur
788 3511 897 3581 boves
918 3531 1128 3607 praegnantes

167 3615 204 3688 in
225 3617 325 3689 curiis
347 3618 565 3715 complureis.
583 3624 612 3689 Α
629 3617 755 3690 sordeis
773 3617 957 3692 caedendeis
973 3613 1129 3689 F0rdici-

117 3770 120 3776 -
165 3724 221 3797 dia
229 3726 332 3804 dida.
347 3729 464 3801 Palilia
482 3729 601 3802 didlaa
619 3729 818 3824 Pale,quod
832 3728 978 3803 &seriae
992 3727 1024 3799 ei
1040 3729 1128 3799 Deae

167 3831 254 3909 fiunt
264 3889 277 3930 ,
298 3860 337 3912 ut
353 3838 507 3916 Cerealia
528 3864 548 3913 a
573 3840 724 3932 Cerere,
744 3838 879 3913 Vinalia
901 3865 919 3910 a
942 3837 1040 3911 vino.
1060 3836 1127 3910 Hic

1176 537 1183 556 ἱ
