2834 4567
308 324 378 418 256
499 316 1049 397 n.rsnerrrnvn1tnouu
1158 362 1163 370 -

301 481 447 578 majores
459 478 671 579 minoresque
694 479 776 555 facit
795 480 830 554 in
853 481 966 571 ezelo,
981 481 1061 555 irem
1074 479 1259 581 Vergisins5
1394 539 1395 550 ,

300 619 386 691 quas
407 597 705 669 resumerent.
728 592 821 669 Facit
842 593 942 669 etiam
964 594 1185 692 stelias,quas
1202 594 1259 667 alii

298 702 457 779 erraticas
470 754 486 802 ².
501 703 539 777 P.
564 703 718 802 Nigidius
746 728 886 780 errones
915 705 1070 802 appellet.
1098 705 1260 780 Circulos

296 838 437 911 quoque
455 809 502 885 ait
522 811 664 887 incaelo
687 813 815 888 circum
837 814 1085 914 longitudinem
1106 815 1179 888 aris
1207 814 1259 888 se·
1394 871 1395 876 ,

142 923 153 952 ¹
297 941 390 1020 ptem
415 918 499 1006 esse;
518 945 539 994 e
561 919 637 1020 quis
657 921 746 994 duos
768 921 949 1012 minimos,
971 924 1031 1023 qui
1054 947 1150 997 srenr
1170 921 1260 995 exti-

296 1045 392 1105 mum
413 1033 579 1129 tangunt,
605 1034 710 1102 πόλους
736 1031 897 1127 appellari
927 1032 1033 1107 dicit:
1058 1032 1114 1106 sed
1129 1019 1197 1104 'eos
1222 1031 1259 1102 in

282 1137 444 1236 sphera,
464 1161 543 1234 quae
561 1141 683 1225 eperum
711 1156 878 1224 vocatur,
900 1159 1039 1234 propter
1061 1139 1273 1228 brevitatem,

297 1272 371 1319 non
384 1244 495 1318 ineffe.
510 1249 622 1342 Atque
635 1268 743 1340 neque
758 1246 926 1330 Zodiacus
940 1246 1129 1341 septenario
1144 1270 1260 1318 nurne-
1360 1304 1367 1319 ,
1393 1237 1395 1256 ⁴

295 1381 339 1430 ro
356 1372 463 1431 caret:
479 1380 555 1429 uam
570 1354 605 1427 in
619 1351 761 1449 septimo
774 1352 868 1451 figno
882 1352 920 1428 sit
937 1354 1114 1429 solstitium
1134 1382 1152 1429 a
1177 1355 1260 1428 bru·
1394 1439 1395 1448 ἵ

293 1489 371 1552 ma,
383 1463 418 1535 in
433 1460 576 1559 septimo
595 1461 713 1535 bruma
728 1488 746 1535 a
761 1460 919 1555 solssitio,
934 1462 1132 1561 inseptioro
1156 1462 1262 1561 requi·

297 1572 449 1646 nosiium
470 1571 512 1643 ab
535 1569 752 1668 aequinokiio.
772 1570 860 1646 Dies
881 1572 1000 1646 deinde
1016 1573 1117 1663 ilios,
1137 1570 1261 1673 quibus

296 1683 488 1781 halcyones
519 1681 629 1754 hieme
666 1679 746 1755 anni
773 1680 808 1753 in
837 1706 923 1780 aqua
951 1682 1175 1774 niduiantur,
1199 1706 1261 1756 eos

295 1816 436 1892 quoque
455 1792 579 1887 septem
606 1791 673 1869 esse
697 1791 790 1863 dicit.
823 1793 985 1866 Praeterea
1016 1792 1151 1882 scribit,
1170 1792 1260 1865 Iuno

296 1903 503 1980 curriculum
531 1900 656 1975 confici
679 1902 846 1999 integrum
871 1921 991 2001 quater
1012 1904 1157 2002 septenIs
1184 1902 1259 1978 die·

296 2014 383 2088 bus:
412 2037 488 2083 nant
519 2011 804 2083 duodetricesrmo
831 2010 885 2082 die
915 2012 994 2084 luno
1016 2038 1060 2111 rx
1092 2038 1163 2112 quo
1198 2038 1259 2088 ve·
1303 2040 1309 2048 ·

296 2120 396 2219 stigio
415 2117 564 2214 profesio
588 2116 790 2205 emendem
812 2116 916 2207 redit,
931 2119 1168 2218 ausioremque
1183 2121 1259 2217 opi·

295 2228 412 2303 nionis
429 2224 530 2322 hujus
549 2224 729 2299 Aristiden
748 2219 1113 2328 effesamiun.1n'qua
1135 2256 1172 2303 re
1186 2255 1258 2304 non

296 2338 334 2412 id
357 2335 465 2410 solum
489 2332 712 2410 anhnadverti
743 2334 865 2409 debere
890 2334 995 2425 dicit,
1021 2338 1118 2436 quod
1139 2355 1258 2436 quater

295 2442 466 2542 septenis,
488 2440 609 2532 idest,
629 2443 711 2517 ouo
731 2444 768 2517 δι
790 2441 911 2542 viginti
931 2443 1048 2520 diebus
1074 2445 1258 2521 conficeret

297 2554 363 2630 iter
382 2553 461 2627 luna
480 2553 596 2639 surim,
619 2547 674 2625 sed
693 2552 787 2649 quod
801 2552 828 2626 is
848 2577 1007 2628 numerus
1032 2554 1260 2653 septenarius,

296 2662 323 2736 sr
342 2663 386 2737 ab
408 2685 479 2734 uno
499 2658 688 2757 profereus,
707 2660 786 2734 dunr
810 2659 852 2733 ad
872 2658 974 2736 sernet
994 2662 1100 2759 ipsum
1120 2689 1259 2763 progre-

297 2771 414 2859 ditur,
438 2793 574 2860 ornnes,
595 2793 655 2865 per
678 2794 766 2868 quos
793 2772 981 2869 progressus
1002 2773 1073 2863 est,
1098 2798 1259 2848 numeros

298 2881 586 2982 comprehendat,
607 2879 783 2979 ipsumque
798 2879 829 2955 se
848 2863 970 2972 addai,
986 2882 1065 2958 facit
1081 2909 1258 2959 numerum
1308 2956 1310 2960 ,

212 3031 216 3044 ·
297 2994 380 3067 osio
399 2995 438 3067 &
461 2991 607 3091 viginti:
629 3012 718 3089 quot
736 2992 807 3066 dies
831 2990 906 3065 sunt
927 2992 1084 3066 curriculi
1099 2994 1234 3069 lunaris.

356 3104 410 3179 Ad
439 3103 594 3177 homines
630 3125 769 3199 quoque
801 3101 986 3177 nascendos
1018 3103 1090 3177 vim
1125 3104 1257 3195 numeri

246 3281 248 3288 .
295 3212 389 3287 istius
411 3213 538 3312 porrigi
553 3211 786 3310 pertinereque
805 3211 872 3284 aitr
892 3237 967 3285 nam
984 3236 1059 3287 curn
1076 3216 1110 3287 in
1124 3238 1258 3291 uterum

292 3324 444 3397 mulieris
460 3325 604 3422 genitale
625 3322 787 3425 (inquit)
802 3321 912 3397 senten
926 3327 1041 3399 danem
1055 3326 1122 3419 esi,
1139 3327 1257 3424 primis

292 3432 418 3529 septem
445 3434 560 3507 diebus
580 3432 808 3533 conglobatur
838 3437 1124 3534 coagulaturque,
1149 3435 1257 3538 sitque

291 3543 336 3615 ad
349 3541 542 3637 capiendam
562 3540 700 3639 figuram
722 3543 901 3618 idoneum:
916 3545 991 3640 port
1003 3546 1123 3620 deinde
1136 3567 1253 3645 quarta
1394 3635 1395 3638 Ἴ

293 3652 518 3743 hebdomada,
531 3653 625 3752 quod
637 3652 708 3747 ejus
724 3653 824 3729 virile
837 3654 941 3728 foetus
949 3653 1097 3730 siturum
1111 3658 1177 3749 esi,
1192 3685 1256 3736 cae

292 3777 357 3858 put
374 3760 412 3833 &
428 3755 539 3857 spina,
553 3784 631 3859 quae
646 3759 693 3845 est
706 3760 743 3834 in
763 3762 891 3858 dorso,
912 3761 1136 3840 informatur:
1150 3765 1251 3864 septi·
