<?xml version="1.0" encoding="UTF-8"?>
<!DOCTYPE html PUBLIC "-//W3C//DTD XHTML 1.0 Transitional//EN"
    "http://www.w3.org/TR/xhtml1/DTD/xhtml1-transitional.dtd">
<html xmlns="http://www.w3.org/1999/xhtml" xml:lang="en" lang="en">
 <head>
  <title>
</title>
<meta http-equiv="Content-Type" content="text/html;charset=utf-8" />
  <meta name='ocr-system' content='tesseract 3.04.00' />
  <meta name='ocr-capabilities' content='ocr_page ocr_carea ocr_par ocr_line ocrx_word'/>
</head>
<body>
  <div class='ocr_page' id='page_1' title='image "./mtervarronisdel00bipogoog/mtervarronisdel00bipogoog_0555.png"; bbox 0 0 2834 4567; ppageno 0'>
   <div class='ocr_carea' id='block_1_1' title="bbox 190 347 1151 656">
    <p class='ocr_par' dir='ltr' id='par_1_1' title="bbox 190 347 1151 656">
     <span class='ocr_line' id='line_1_1' title="bbox 418 347 1150 444; baseline -0.001 -23"><span class='ocrx_word' id='word_1_1' title='bbox 418 347 840 422; x_wconf 60' lang='lat' dir='ltr'>lN‘LlBRUM</span> <span class='ocrx_word' id='word_1_2' title='bbox 888 350 932 419; x_wconf 90' lang='lat' dir='ltr'>V.</span> <span class='ocrx_word' id='word_1_3' title='bbox 1083 374 1150 444; x_wconf 85' lang='lat'>127</span> 
     </span>
     <span class='ocr_line' id='line_1_2' title="bbox 190 503 1151 656; baseline -0.001 -84"><span class='ocrx_word' id='word_1_4' title='bbox 190 511 265 656; x_wconf 53' lang='lat' dir='ltr'>aod</span> <span class='ocrx_word' id='word_1_5' title='bbox 277 510 314 572; x_wconf 84' lang='lat' dir='ltr'>ita</span> <span class='ocrx_word' id='word_1_6' title='bbox 326 511 357 572; x_wconf 91' lang='lat' dir='ltr'>in</span> <span class='ocrx_word' id='word_1_7' title='bbox 369 506 478 571; x_wconf 80' lang='lat' dir='ltr'>Diebus</span> <span class='ocrx_word' id='word_1_8' title='bbox 493 506 655 570; x_wconf 83' lang='lat' dir='ltr'>Genialibus</span> <span class='ocrx_word' id='word_1_9' title='bbox 680 506 832 578; x_wconf 70' lang='lat' dir='ltr'>Aleraodri</span> <span class='ocrx_word' id='word_1_10' title='bbox 850 503 1024 587; x_wconf 75' lang='lat' dir='ltr'>Neapolitani</span> <span class='ocrx_word' id='word_1_11' title='bbox 1037 506 1151 590; x_wconf 73' lang='lat' dir='ltr'>legerer.</span> 
     </span>
    </p>
   </div>
   <div class='ocr_carea' id='block_1_2' title="bbox 237 588 1290 670">
    <p class='ocr_par' dir='ltr' id='par_1_2' title="bbox 237 588 1290 670">
     <span class='ocr_line' id='line_1_3' title="bbox 237 588 1290 670; baseline -0.003 -17"><span class='ocrx_word' id='word_1_12' title='bbox 237 614 266 653; x_wconf 91' lang='lat' dir='ltr'>m</span> <span class='ocrx_word' id='word_1_13' title='bbox 285 611 378 653; x_wconf 87' lang='lat' dir='ltr'>tamen</span> <span class='ocrx_word' id='word_1_14' title='bbox 401 589 489 664; x_wconf 80' lang='lat' dir='ltr'>Janus</span> <span class='ocrx_word' id='word_1_15' title='bbox 504 589 638 664; x_wconf 83' lang='lat' dir='ltr'>Junon&#39;nrs</span> <span class='ocrx_word' id='word_1_16' title='bbox 655 589 684 647; x_wconf 92' lang='lat' dir='ltr'>in</span> <span class='ocrx_word' id='word_1_17' title='bbox 698 588 770 648; x_wconf 89' lang='lat' dir='ltr'>nulla</span> <span class='ocrx_word' id='word_1_18' title='bbox 786 604 862 670; x_wconf 77' lang='lat' dir='ltr'>perte</span> <span class='ocrx_word' id='word_1_19' title='bbox 883 589 961 648; x_wconf 79' lang='lat' dir='ltr'>urbis</span> <span class='ocrx_word' id='word_1_20' title='bbox 975 589 1013 649; x_wconf 89' lang='lat' dir='ltr'>ita</span> <span class='ocrx_word' id='word_1_21' title='bbox 1036 608 1154 651; x_wconf 83' lang='lat' dir='ltr'>vocare·</span> <span class='ocrx_word' id='word_1_22' title='bbox 1282 637 1290 668; x_wconf 48' lang='lat'>,1</span> 
     </span>
    </p>
   </div>
   <div class='ocr_carea' id='block_1_3' title="bbox 171 659 1210 2208">
    <p class='ocr_par' dir='ltr' id='par_1_3' title="bbox 171 659 1210 981">
     <span class='ocr_line' id='line_1_4' title="bbox 171 659 958 698; baseline -0.009 -8"><span class='ocrx_word' id='word_1_23' title='bbox 171 659 178 698; x_wconf 67' lang='lat' dir='ltr'>r</span> <span class='ocrx_word' id='word_1_24' title='bbox 481 673 488 686; x_wconf 91' lang='lat'><em>.</em></span> <span class='ocrx_word' id='word_1_25' title='bbox 604 670 609 681; x_wconf 87' lang='lat'><strong>·</strong></span> <span class='ocrx_word' id='word_1_26' title='bbox 759 672 765 683; x_wconf 78' lang='lat'>.</span> <span class='ocrx_word' id='word_1_27' title='bbox 808 671 843 686; x_wconf 88' lang='lat'>..</span> <span class='ocrx_word' id='word_1_28' title='bbox 952 670 958 683; x_wconf 93' lang='lat'>.</span> 
     </span>
     <span class='ocr_line' id='line_1_5' title="bbox 191 667 1184 834; baseline -0.005 -19"><span class='ocrx_word' id='word_1_29' title='bbox 191 694 260 815; x_wconf 71' lang='lat' dir='ltr'>iiii</span> <span class='ocrx_word' id='word_1_30' title='bbox 276 668 738 834; x_wconf 43' lang='lat' dir='ltr'>illeilllrllllssll‘tz</span> <span class='ocrx_word' id='word_1_31' title='bbox 758 667 1155 831; x_wconf 56' lang='lat' dir='ltr'>iliiiimiiinigidlss</span> <span class='ocrx_word' id='word_1_32' title='bbox 1179 803 1184 820; x_wconf 83' lang='grc'>,</span> 
     </span>
     <span class='ocr_line' id='line_1_6' title="bbox 191 829 1210 981; baseline -0.002 -86"><span class='ocrx_word' id='word_1_33' title='bbox 191 836 229 981; x_wconf 71' lang='lat' dir='ltr'>lsic</span> <span class='ocrx_word' id='word_1_34' title='bbox 247 839 349 908; x_wconf 87' lang='lat' dir='ltr'>etiam,</span> <span class='ocrx_word' id='word_1_35' title='bbox 365 853 458 896; x_wconf 85' lang='lat' dir='ltr'>utrum</span> <span class='ocrx_word' id='word_1_36' title='bbox 473 830 689 914; x_wconf 71' lang='lat' dir='ltr'>depravamur,</span> <span class='ocrx_word' id='word_1_37' title='bbox 704 851 811 907; x_wconf 85' lang='lat' dir='ltr'>necne,</span> <span class='ocrx_word' id='word_1_38' title='bbox 830 850 909 913; x_wconf 79' lang='lat' dir='ltr'>aeque</span> <span class='ocrx_word' id='word_1_39' title='bbox 924 831 1041 898; x_wconf 82' lang='lat' dir='ltr'>dubitari</span> <span class='ocrx_word' id='word_1_40' title='bbox 1061 829 1154 911; x_wconf 83' lang='lat' dir='ltr'>poffir.</span> <span class='ocrx_word' id='word_1_41' title='bbox 1208 897 1210 912; x_wconf 37' lang='grc' dir='ltr'>Ι</span> 
     </span>
    </p>

    <p class='ocr_par' dir='ltr' id='par_1_4' title="bbox 216 931 1095 980">
     <span class='ocr_line' id='line_1_7' title="bbox 216 931 1095 980; baseline -0.005 0"><span class='ocrx_word' id='word_1_42' title='bbox 216 931 330 980; x_wconf 72' lang='lat' dir='ltr'><strong>GALIG·</strong></span> <span class='ocrx_word' id='word_1_43' title='bbox 1091 945 1095 956; x_wconf 72' lang='lat'>¹</span> 
     </span>
    </p>

    <p class='ocr_par' dir='ltr' id='par_1_5' title="bbox 234 990 957 1077">
     <span class='ocr_line' id='line_1_8' title="bbox 234 990 957 1077; baseline -0.004 -19"><span class='ocrx_word' id='word_1_44' title='bbox 234 998 284 1061; x_wconf 82' lang='lat' dir='ltr'>liu.</span> <span class='ocrx_word' id='word_1_45' title='bbox 302 1015 349 1074; x_wconf 86' lang='lat'>27.</span> <span class='ocrx_word' id='word_1_46' title='bbox 367 996 411 1057; x_wconf 77' lang='lat' dir='ltr'>ol</span> <span class='ocrx_word' id='word_1_47' title='bbox 424 996 471 1055; x_wconf 80' lang='lat' dir='ltr'>loc</span> <span class='ocrx_word' id='word_1_48' title='bbox 485 992 581 1077; x_wconf 64' lang='lat' dir='ltr'>toga]</span> <span class='ocrx_word' id='word_1_49' title='bbox 602 991 693 1077; x_wconf 82' lang='lat' dir='ltr'>Marg.</span> <span class='ocrx_word' id='word_1_50' title='bbox 708 990 814 1077; x_wconf 58' lang='lat' dir='ltr'>scalig·</span> <span class='ocrx_word' id='word_1_51' title='bbox 827 1015 874 1055; x_wconf 77' lang='lat' dir='ltr'>eur</span> <span class='ocrx_word' id='word_1_52' title='bbox 886 1011 957 1075; x_wconf 75' lang='lat' dir='ltr'>toga.</span> 
     </span>
    </p>

    <p class='ocr_par' dir='ltr' id='par_1_6' title="bbox 193 1075 1207 2208">
     <span class='ocr_line' id='line_1_9' title="bbox 235 1075 1160 1156; baseline -0.005 -17"><span class='ocrx_word' id='word_1_53' title='bbox 235 1080 284 1139; x_wconf 89' lang='lat' dir='ltr'>lin.</span> <span class='ocrx_word' id='word_1_54' title='bbox 300 1076 346 1139; x_wconf 88' lang='lat'>28.</span> <span class='ocrx_word' id='word_1_55' title='bbox 365 1077 568 1156; x_wconf 78' lang='lat' dir='ltr'><em>Apollinaribus</em></span> <span class='ocrx_word' id='word_1_56' title='bbox 590 1075 675 1136; x_wconf 83' lang='lat' dir='ltr'>Iudeis</span> <span class='ocrx_word' id='word_1_57' title='bbox 690 1076 767 1135; x_wconf 84' lang='lat' dir='ltr'>docui</span> <span class='ocrx_word' id='word_1_58' title='bbox 782 1076 942 1156; x_wconf 75' lang='lat' dir='ltr'>populum]</span> <span class='ocrx_word' id='word_1_59' title='bbox 963 1075 1050 1156; x_wconf 78' lang='lat' dir='ltr'>Vulg.</span> <span class='ocrx_word' id='word_1_60' title='bbox 1069 1075 1160 1134; x_wconf 84' lang='lat' dir='ltr'>docuit</span> 
     </span>
     <span class='ocr_line' id='line_1_10' title="bbox 193 1155 1158 1242; baseline -0.006 -22"><span class='ocrx_word' id='word_1_61' title='bbox 193 1159 329 1242; x_wconf 81' lang='lat' dir='ltr'>populun.</span> <span class='ocrx_word' id='word_1_62' title='bbox 341 1155 440 1237; x_wconf 88' lang='lat' dir='ltr'>Quam</span> <span class='ocrx_word' id='word_1_63' title='bbox 456 1157 543 1218; x_wconf 85' lang='lat' dir='ltr'>multa</span> <span class='ocrx_word' id='word_1_64' title='bbox 558 1157 623 1217; x_wconf 87' lang='lat' dir='ltr'>hinc</span> <span class='ocrx_word' id='word_1_65' title='bbox 641 1156 807 1229; x_wconf 82' lang='lat' dir='ltr'>exciderint,</span> <span class='ocrx_word' id='word_1_66' title='bbox 824 1158 885 1217; x_wconf 85' lang='lat' dir='ltr'>licet</span> <span class='ocrx_word' id='word_1_67' title='bbox 905 1157 1043 1233; x_wconf 83' lang='lat' dir='ltr'>conjicere</span> <span class='ocrx_word' id='word_1_68' title='bbox 1062 1176 1097 1216; x_wconf 80' lang='lat' dir='ltr'>ex</span> <span class='ocrx_word' id='word_1_69' title='bbox 1113 1158 1158 1231; x_wconf 84' lang='lat' dir='ltr'>iis,</span> 
     </span>
     <span class='ocr_line' id='line_1_11' title="bbox 197 1236 1160 1322; baseline -0.005 -22"><span class='ocrx_word' id='word_1_70' title='bbox 197 1260 260 1322; x_wconf 87' lang='lat' dir='ltr'>quae</span> <span class='ocrx_word' id='word_1_71' title='bbox 278 1238 373 1301; x_wconf 77' lang='lat' dir='ltr'>liuius</span> <span class='ocrx_word' id='word_1_72' title='bbox 387 1241 458 1300; x_wconf 90' lang='lat' dir='ltr'>libro</span> <span class='ocrx_word' id='word_1_73' title='bbox 478 1258 515 1315; x_wconf 82' lang='lat'>27</span> <span class='ocrx_word' id='word_1_74' title='bbox 531 1238 653 1320; x_wconf 90' lang='lat' dir='ltr'>pluribus</span> <span class='ocrx_word' id='word_1_75' title='bbox 673 1236 827 1317; x_wconf 84' lang='lat' dir='ltr'>persecurus</span> <span class='ocrx_word' id='word_1_76' title='bbox 844 1236 882 1299; x_wconf 84' lang='lat' dir='ltr'>ell</span> <span class='ocrx_word' id='word_1_77' title='bbox 906 1238 941 1299; x_wconf 85' lang='lat' dir='ltr'>de</span> <span class='ocrx_word' id='word_1_78' title='bbox 956 1236 1160 1319; x_wconf 77' lang='lat' dir='ltr'>Apollinaribus</span> 
     </span>
     <span class='ocr_line' id='line_1_12' title="bbox 197 1317 1160 1403; baseline 0 -21"><span class='ocrx_word' id='word_1_79' title='bbox 197 1322 278 1396; x_wconf 74' lang='lat' dir='ltr'>ludia,</span> <span class='ocrx_word' id='word_1_80' title='bbox 292 1323 339 1403; x_wconf 90' lang='lat' dir='ltr'>qui</span> <span class='ocrx_word' id='word_1_81' title='bbox 352 1318 453 1382; x_wconf 84' lang='lat' dir='ltr'>fiebant</span> <span class='ocrx_word' id='word_1_82' title='bbox 465 1318 506 1381; x_wconf 95' lang='lat' dir='ltr'>lll</span> <span class='ocrx_word' id='word_1_83' title='bbox 520 1318 618 1382; x_wconf 81' lang='lat' dir='ltr'>Nonas</span> <span class='ocrx_word' id='word_1_84' title='bbox 628 1317 791 1397; x_wconf 80' lang='lat' dir='ltr'>Quinlliles.</span> <span class='ocrx_word' id='word_1_85' title='bbox 803 1318 959 1400; x_wconf 74' lang='lat' dir='ltr'>Eorumque</span> <span class='ocrx_word' id='word_1_86' title='bbox 966 1321 1046 1401; x_wconf 82' lang='lat' dir='ltr'>origo</span> <span class='ocrx_word' id='word_1_87' title='bbox 1061 1338 1096 1379; x_wconf 87' lang='lat' dir='ltr'>ex</span> <span class='ocrx_word' id='word_1_88' title='bbox 1107 1317 1160 1382; x_wconf 88' lang='lat' dir='ltr'>Cn.</span> 
     </span>
     <span class='ocr_line' id='line_1_13' title="bbox 198 1397 1161 1483; baseline -0.003 -20"><span class='ocrx_word' id='word_1_89' title='bbox 198 1401 294 1463; x_wconf 87' lang='lat' dir='ltr'>Martii</span> <span class='ocrx_word' id='word_1_90' title='bbox 310 1402 383 1463; x_wconf 77' lang='lat' dir='ltr'>vatis</span> <span class='ocrx_word' id='word_1_91' title='bbox 405 1400 571 1462; x_wconf 77' lang='lat' dir='ltr'>carminibus</span> <span class='ocrx_word' id='word_1_92' title='bbox 591 1401 694 1483; x_wconf 82' lang='lat' dir='ltr'>petita,</span> <span class='ocrx_word' id='word_1_93' title='bbox 716 1418 746 1459; x_wconf 92' lang='lat' dir='ltr'>ut</span> <span class='ocrx_word' id='word_1_94' title='bbox 761 1399 836 1460; x_wconf 91' lang='lat' dir='ltr'>idem</span> <span class='ocrx_word' id='word_1_95' title='bbox 856 1399 950 1460; x_wconf 69' lang='lat' dir='ltr'>audior</span> <span class='ocrx_word' id='word_1_96' title='bbox 968 1401 1040 1460; x_wconf 86' lang='lat' dir='ltr'>libro</span> <span class='ocrx_word' id='word_1_97' title='bbox 1055 1421 1102 1483; x_wconf 76' lang='lat'>25·</span> <span class='ocrx_word' id='word_1_98' title='bbox 1118 1397 1161 1460; x_wconf 78' lang='lat' dir='ltr'>Ex</span> 
     </span>
     <span class='ocr_line' id='line_1_14' title="bbox 201 1479 1162 1564; baseline -0.001 -22"><span class='ocrx_word' id='word_1_99' title='bbox 201 1485 301 1564; x_wconf 81' lang='lat' dir='ltr'>quibus</span> <span class='ocrx_word' id='word_1_100' title='bbox 315 1481 377 1545; x_wconf 82' lang='lat' dir='ltr'>satis</span> <span class='ocrx_word' id='word_1_101' title='bbox 392 1497 522 1564; x_wconf 85' lang='lat' dir='ltr'>apparet,</span> <span class='ocrx_word' id='word_1_102' title='bbox 539 1499 711 1562; x_wconf 86' lang='lat' dir='ltr'>quaecunque</span> <span class='ocrx_word' id='word_1_103' title='bbox 727 1480 762 1542; x_wconf 91' lang='lat' dir='ltr'>de</span> <span class='ocrx_word' id='word_1_104' title='bbox 783 1479 987 1562; x_wconf 79' lang='lat' dir='ltr'>Apollinaribus</span> <span class='ocrx_word' id='word_1_105' title='bbox 1001 1481 1095 1541; x_wconf 87' lang='lat' dir='ltr'>Varro</span> <span class='ocrx_word' id='word_1_106' title='bbox 1109 1479 1162 1541; x_wconf 84' lang='lat' dir='ltr'>do·</span> 
     </span>
     <span class='ocr_line' id='line_1_15' title="bbox 199 1558 1165 1641; baseline -0.002 -18"><span class='ocrx_word' id='word_1_107' title='bbox 199 1562 313 1636; x_wconf 74' lang='lat' dir='ltr'>millet,</span> <span class='ocrx_word' id='word_1_108' title='bbox 331 1583 365 1623; x_wconf 86' lang='lat' dir='ltr'>ea</span> <span class='ocrx_word' id='word_1_109' title='bbox 378 1563 443 1621; x_wconf 86' lang='lat' dir='ltr'>hinc</span> <span class='ocrx_word' id='word_1_110' title='bbox 461 1560 611 1641; x_wconf 82' lang='lat' dir='ltr'>deperiille.</span> <span class='ocrx_word' id='word_1_111' title='bbox 628 1559 729 1639; x_wconf 88' lang='lat' dir='ltr'>Neque</span> <span class='ocrx_word' id='word_1_112' title='bbox 748 1558 802 1632; x_wconf 83' lang='lat' dir='ltr'>est,</span> <span class='ocrx_word' id='word_1_113' title='bbox 817 1559 899 1619; x_wconf 86' lang='lat' dir='ltr'>curs</span> <span class='ocrx_word' id='word_1_114' title='bbox 927 1563 999 1621; x_wconf 79' lang='lat' dir='ltr'>uarie</span> <span class='ocrx_word' id='word_1_115' title='bbox 1014 1562 1165 1621; x_wconf 80' lang='lat' dir='ltr'>editionem</span> 
     </span>
     <span class='ocr_line' id='line_1_16' title="bbox 201 1638 1165 1713; baseline -0.003 -8"><span class='ocrx_word' id='word_1_116' title='bbox 201 1643 375 1713; x_wconf 73' lang='lat' dir='ltr'>Romam,</span> <span class='ocrx_word' id='word_1_117' title='bbox 389 1644 417 1700; x_wconf 89' lang='lat' dir='ltr'>in</span> <span class='ocrx_word' id='word_1_118' title='bbox 506 1642 564 1701; x_wconf 82' lang='lat' dir='ltr'>lraec</span> <span class='ocrx_word' id='word_1_119' title='bbox 582 1638 670 1702; x_wconf 80' lang='lat' dir='ltr'>uerba</span> <span class='ocrx_word' id='word_1_120' title='bbox 682 1640 776 1699; x_wconf 90' lang='lat' dir='ltr'>mutila</span> <span class='ocrx_word' id='word_1_121' title='bbox 793 1659 857 1699; x_wconf 86' lang='lat' dir='ltr'>cum</span> <span class='ocrx_word' id='word_1_122' title='bbox 893 1660 905 1698; x_wconf 92' lang='lat' dir='ltr'>r</span> <span class='ocrx_word' id='word_1_123' title='bbox 947 1641 1037 1702; x_wconf 85' lang='lat' dir='ltr'>edenti</span> <span class='ocrx_word' id='word_1_124' title='bbox 1055 1639 1165 1702; x_wconf 83' lang='lat' dir='ltr'>historia</span> 
     </span>
     <span class='ocr_line' id='line_1_17' title="bbox 204 1660 1167 1801; baseline -0.003 -17"><span class='ocrx_word' id='word_1_125' title='bbox 204 1743 328 1786; x_wconf 79' lang='lat' dir='ltr'>connexa</span> <span class='ocrx_word' id='word_1_126' title='bbox 349 1721 418 1782; x_wconf 83' lang='lat' dir='ltr'>sunt.</span> <span class='ocrx_word' id='word_1_127' title='bbox 432 1660 525 1799; x_wconf 49' lang='lat' dir='ltr'>&amp;riori</span> <span class='ocrx_word' id='word_1_128' title='bbox 538 1720 585 1801; x_wconf 87' lang='lat' dir='ltr'>qui</span> <span class='ocrx_word' id='word_1_129' title='bbox 602 1719 743 1794; x_wconf 87' lang='lat' dir='ltr'>fecerunt,</span> <span class='ocrx_word' id='word_1_130' title='bbox 764 1740 820 1779; x_wconf 90' lang='lat' dir='ltr'>non</span> <span class='ocrx_word' id='word_1_131' title='bbox 837 1660 980 1796; x_wconf 79' lang='lat' dir='ltr'>virlerunt,</span> <span class='ocrx_word' id='word_1_132' title='bbox 995 1719 1167 1796; x_wconf 87' lang='lat' dir='ltr'>Varronem,</span> 
     </span>
     <span class='ocr_line' id='line_1_18' title="bbox 205 1798 1188 1888; baseline -0.003 -26"><span class='ocrx_word' id='word_1_133' title='bbox 205 1806 252 1888; x_wconf 87' lang='lat' dir='ltr'>qui</span> <span class='ocrx_word' id='word_1_134' title='bbox 269 1821 349 1865; x_wconf 82' lang='lat' dir='ltr'>antea</span> <span class='ocrx_word' id='word_1_135' title='bbox 360 1802 397 1864; x_wconf 90' lang='lat' dir='ltr'>‹le</span> <span class='ocrx_word' id='word_1_136' title='bbox 419 1801 549 1864; x_wconf 74' lang='lat' dir='ltr'>omuibus</span> <span class='ocrx_word' id='word_1_137' title='bbox 572 1798 645 1861; x_wconf 82' lang='lat' dir='ltr'>sellis</span> <span class='ocrx_word' id='word_1_138' title='bbox 664 1799 760 1859; x_wconf 82' lang='lat' dir='ltr'>dicbus</span> <span class='ocrx_word' id='word_1_139' title='bbox 780 1798 834 1860; x_wconf 86' lang='lat' dir='ltr'>sese</span> <span class='ocrx_word' id='word_1_140' title='bbox 853 1801 1016 1860; x_wconf 82' lang='lat' dir='ltr'>traditurum</span> <span class='ocrx_word' id='word_1_141' title='bbox 1033 1799 1188 1883; x_wconf 76' lang='lat' dir='ltr'>professus·</span> 
     </span>
     <span class='ocr_line' id='line_1_19' title="bbox 206 1879 1169 1959; baseline -0.004 -13"><span class='ocrx_word' id='word_1_142' title='bbox 206 1884 290 1959; x_wconf 76' lang='lat' dir='ltr'>esset,</span> <span class='ocrx_word' id='word_1_143' title='bbox 308 1901 354 1945; x_wconf 85' lang='lat' dir='ltr'>aut</span> <span class='ocrx_word' id='word_1_144' title='bbox 378 1881 433 1944; x_wconf 88' lang='lat' dir='ltr'>line</span> <span class='ocrx_word' id='word_1_145' title='bbox 452 1879 534 1943; x_wconf 83' lang='lat' dir='ltr'>stulto</span> <span class='ocrx_word' id='word_1_146' title='bbox 551 1879 662 1942; x_wconf 81' lang='lat' dir='ltr'>consilio</span> <span class='ocrx_word' id='word_1_147' title='bbox 684 1881 922 1943; x_wconf 84' lang='lat' dir='ltr'>celeberrimorum</span> <span class='ocrx_word' id='word_1_148' title='bbox 947 1882 1074 1943; x_wconf 90' lang='lat' dir='ltr'>ludorum</span> <span class='ocrx_word' id='word_1_149' title='bbox 1090 1902 1169 1942; x_wconf 88' lang='lat' dir='ltr'>men·</span> 
     </span>
     <span class='ocr_line' id='line_1_20' title="bbox 205 1961 1207 2105; baseline -0.001 -80"><span class='ocrx_word' id='word_1_150' title='bbox 205 1968 311 2105; x_wconf 77' lang='lat' dir='ltr'>tionepu</span> <span class='ocrx_word' id='word_1_151' title='bbox 328 1964 553 2057; x_wconf 76' lang='lat' dir='ltr'>praetermittere,</span> <span class='ocrx_word' id='word_1_152' title='bbox 573 1961 792 2103; x_wconf 49' lang='lat' dir='ltr'>wiegeomm</span> <span class='ocrx_word' id='word_1_153' title='bbox 809 1962 988 2102; x_wconf 53' lang='lat' dir='ltr'>merpriniller,</span> <span class='ocrx_word' id='word_1_154' title='bbox 1006 1965 1065 2039; x_wconf 77' lang='lat' dir='ltr'>ejus</span> <span class='ocrx_word' id='word_1_155' title='bbox 1084 1962 1168 2060; x_wconf 76' lang='lat' dir='ltr'>billo-</span> <span class='ocrx_word' id='word_1_156' title='bbox 1200 1969 1207 1986; x_wconf 66' lang='lat'>⁸</span> 
     </span>
     <span class='ocr_line' id='line_1_21' title="bbox 208 2043 1170 2208; baseline -0.004 -18"><span class='ocrx_word' id='word_1_157' title='bbox 208 2064 656 2206; x_wconf 57' lang='lat' dir='ltr'>&amp;intllfffflnffl‘rllln</span> <span class='ocrx_word' id='word_1_158' title='bbox 670 2064 871 2204; x_wconf 59' lang='lat' dir='ltr'>llllll‘l</span> <span class='ocrx_word' id='word_1_159' title='bbox 884 2043 1170 2208; x_wconf 50' lang='lat' dir='ltr'>{agillnleiii&#39;lf</span> 
     </span>
    </p>
   </div>
   <div class='ocr_carea' id='block_1_4' title="bbox 76 2205 1172 2289">
    <p class='ocr_par' dir='ltr' id='par_1_7' title="bbox 76 2205 1172 2289">
     <span class='ocr_line' id='line_1_22' title="bbox 76 2205 1172 2289; baseline -0.004 -19"><span class='ocrx_word' id='word_1_160' title='bbox 76 2279 81 2286; x_wconf 35' lang='lat'>¹</span> <span class='ocrx_word' id='word_1_161' title='bbox 209 2212 287 2270; x_wconf 80' lang='lat' dir='ltr'>bant.</span> <span class='ocrx_word' id='word_1_162' title='bbox 301 2207 435 2270; x_wconf 64' lang='lat' dir='ltr'>Sermo.</span> <span class='ocrx_word' id='word_1_163' title='bbox 452 2205 626 2289; x_wconf 78' lang='lat' dir='ltr'>Apollinares</span> <span class='ocrx_word' id='word_1_164' title='bbox 640 2205 720 2267; x_wconf 79' lang='lat' dir='ltr'>ludos</span> <span class='ocrx_word' id='word_1_165' title='bbox 731 2208 923 2268; x_wconf 78' lang='lat' dir='ltr'>celeberrimos</span> <span class='ocrx_word' id='word_1_166' title='bbox 940 2207 980 2269; x_wconf 88' lang='lat' dir='ltr'>ill</span> <span class='ocrx_word' id='word_1_167' title='bbox 992 2205 1070 2269; x_wconf 80' lang='lat' dir='ltr'>Non.</span> <span class='ocrx_word' id='word_1_168' title='bbox 1079 2205 1172 2285; x_wconf 88' lang='lat' dir='ltr'>Quin·</span> 
     </span>
    </p>
   </div>
   <div class='ocr_carea' id='block_1_5' title="bbox 211 2276 1173 2704">
    <p class='ocr_par' dir='ltr' id='par_1_8' title="bbox 211 2276 1173 2533">
     <span class='ocr_line' id='line_1_23' title="bbox 211 2276 1171 2369; baseline -0.005 -18"><span class='ocrx_word' id='word_1_169' title='bbox 211 2290 264 2351; x_wconf 79' lang='lat' dir='ltr'>llil.</span> <span class='ocrx_word' id='word_1_170' title='bbox 284 2290 397 2350; x_wconf 87' lang='lat' dir='ltr'>curabat</span> <span class='ocrx_word' id='word_1_171' title='bbox 417 2305 518 2369; x_wconf 81' lang='lat' dir='ltr'>praetor</span> <span class='ocrx_word' id='word_1_172' title='bbox 534 2288 670 2359; x_wconf 83' lang='lat' dir='ltr'>urbanus,</span> <span class='ocrx_word' id='word_1_173' title='bbox 688 2276 724 2346; x_wconf 69' lang='lat'>&amp;³</span> <span class='ocrx_word' id='word_1_174' title='bbox 734 2288 769 2347; x_wconf 91' lang='lat' dir='ltr'>de</span> <span class='ocrx_word' id='word_1_175' title='bbox 786 2291 891 2349; x_wconf 88' lang='lat' dir='ltr'>rarione</span> <span class='ocrx_word' id='word_1_176' title='bbox 908 2287 1045 2349; x_wconf 88' lang='lat' dir='ltr'>sacrorum</span> <span class='ocrx_word' id='word_1_177' title='bbox 1063 2289 1171 2369; x_wconf 87' lang='lat' dir='ltr'>publice</span> 
     </span>
     <span class='ocr_line' id='line_1_24' title="bbox 211 2366 1173 2447; baseline -0.004 -17"><span class='ocrx_word' id='word_1_178' title='bbox 211 2371 299 2431; x_wconf 84' lang='lat' dir='ltr'>verba</span> <span class='ocrx_word' id='word_1_179' title='bbox 317 2370 442 2430; x_wconf 78' lang='lat' dir='ltr'>faciebat.</span> <span class='ocrx_word' id='word_1_180' title='bbox 462 2367 508 2428; x_wconf 83' lang='lat' dir='ltr'>Sic</span> <span class='ocrx_word' id='word_1_181' title='bbox 529 2371 603 2428; x_wconf 89' lang='lat' dir='ltr'>enim</span> <span class='ocrx_word' id='word_1_182' title='bbox 618 2366 749 2447; x_wconf 87' lang='lat' dir='ltr'>scripturn</span> <span class='ocrx_word' id='word_1_183' title='bbox 767 2388 826 2429; x_wconf 89' lang='lat' dir='ltr'>erar</span> <span class='ocrx_word' id='word_1_184' title='bbox 844 2372 875 2430; x_wconf 93' lang='lat' dir='ltr'>in</span> <span class='ocrx_word' id='word_1_185' title='bbox 892 2371 1058 2431; x_wconf 74' lang='lat' dir='ltr'>carminibus</span> <span class='ocrx_word' id='word_1_186' title='bbox 1075 2367 1173 2431; x_wconf 76' lang='lat' dir='ltr'>Marcii</span> 
     </span>
     <span class='ocr_line' id='line_1_25' title="bbox 213 2448 852 2533; baseline -0.005 -20"><span class='ocrx_word' id='word_1_187' title='bbox 213 2453 303 2527; x_wconf 78' lang='lat' dir='ltr'>vatic,</span> <span class='ocrx_word' id='word_1_188' title='bbox 322 2471 358 2513; x_wconf 83' lang='lat' dir='ltr'>ex</span> <span class='ocrx_word' id='word_1_189' title='bbox 376 2451 473 2533; x_wconf 84' lang='lat' dir='ltr'>quibus</span> <span class='ocrx_word' id='word_1_190' title='bbox 490 2449 572 2530; x_wconf 82' lang='lat' dir='ltr'>origo</span> <span class='ocrx_word' id='word_1_191' title='bbox 591 2450 690 2509; x_wconf 87' lang='lat' dir='ltr'>horum</span> <span class='ocrx_word' id='word_1_192' title='bbox 707 2448 852 2511; x_wconf 89' lang='lat' dir='ltr'>ludorum:</span> 
     </span>
    </p>

    <p class='ocr_par' dir='ltr' id='par_1_9' title="bbox 256 2541 756 2626">
     <span class='ocr_line' id='line_1_26' title="bbox 256 2541 756 2626; baseline -0.006 -24"><span class='ocrx_word' id='word_1_193' title='bbox 256 2542 382 2626; x_wconf 84' lang='lat' dir='ltr'>Apollini</span> <span class='ocrx_word' id='word_1_194' title='bbox 402 2543 489 2623; x_wconf 78' lang='lat' dir='ltr'>censeo</span> <span class='ocrx_word' id='word_1_195' title='bbox 507 2542 642 2602; x_wconf 76' lang='lat' dir='ltr'>vovendos</span> <span class='ocrx_word' id='word_1_196' title='bbox 660 2541 756 2614; x_wconf 83' lang='lat' dir='ltr'>ludos,</span> 
     </span>
    </p>

    <p class='ocr_par' dir='ltr' id='par_1_10' title="bbox 258 2623 903 2704">
     <span class='ocr_line' id='line_1_27' title="bbox 258 2623 903 2704; baseline 0.005 -21"><span class='ocrx_word' id='word_1_197' title='bbox 258 2625 314 2703; x_wconf 86' lang='lat' dir='ltr'>Qui</span> <span class='ocrx_word' id='word_1_198' title='bbox 333 2624 477 2704; x_wconf 74' lang='lat' dir='ltr'>quotannis</span> <span class='ocrx_word' id='word_1_199' title='bbox 496 2624 661 2683; x_wconf 80' lang='lat' dir='ltr'>communiter</span> <span class='ocrx_word' id='word_1_200' title='bbox 680 2623 804 2700; x_wconf 83' lang='lat' dir='ltr'>Apollini</span> <span class='ocrx_word' id='word_1_201' title='bbox 820 2624 903 2702; x_wconf 72' lang='lat' dir='ltr'>fiant.</span> 
     </span>
    </p>
   </div>
   <div class='ocr_carea' id='block_1_6' title="bbox 256 2704 834 2843">
    <p class='ocr_par' dir='ltr' id='par_1_11' title="bbox 256 2704 834 2843">
     <span class='ocr_line' id='line_1_28' title="bbox 256 2704 834 2843; baseline -0.005 -77"><span class='ocrx_word' id='word_1_202' title='bbox 256 2705 314 2766; x_wconf 84' lang='lat' dir='ltr'>His</span> <span class='ocrx_word' id='word_1_203' title='bbox 336 2706 409 2764; x_wconf 82' lang='lat' dir='ltr'>ludis</span> <span class='ocrx_word' id='word_1_204' title='bbox 422 2704 566 2783; x_wconf 22' lang='lat' dir='ltr'>fheiunellsl</span> <span class='ocrx_word' id='word_1_205' title='bbox 576 2705 664 2843; x_wconf 78' lang='lat' dir='ltr'>profit</span> <span class='ocrx_word' id='word_1_206' title='bbox 684 2705 709 2763; x_wconf 90' lang='lat' dir='ltr'>is</span> <span class='ocrx_word' id='word_1_207' title='bbox 743 2723 834 2781; x_wconf 86' lang='lat' dir='ltr'>rator,</span> 
     </span>
    </p>
   </div>
   <div class='ocr_carea' id='block_1_7' title="bbox 123 2785 1184 3187">
    <p class='ocr_par' dir='ltr' id='par_1_12' title="bbox 123 2785 907 2867">
     <span class='ocr_line' id='line_1_29' title="bbox 123 2785 907 2867; baseline 0.004 -22"><span class='ocrx_word' id='word_1_208' title='bbox 123 2846 126 2852; x_wconf 79' lang='grc'><em>,</em></span> <span class='ocrx_word' id='word_1_209' title='bbox 260 2787 318 2866; x_wconf 85' lang='lat' dir='ltr'>Qui</span> <span class='ocrx_word' id='word_1_210' title='bbox 336 2785 398 2863; x_wconf 76' lang='lat' dir='ltr'>jour</span> <span class='ocrx_word' id='word_1_211' title='bbox 416 2785 515 2867; x_wconf 85' lang='lat' dir='ltr'>populo</span> <span class='ocrx_word' id='word_1_212' title='bbox 530 2787 575 2865; x_wconf 89' lang='lat' dir='ltr'>ple</span> <span class='ocrx_word' id='word_1_213' title='bbox 592 2786 703 2865; x_wconf 84' lang='lat' dir='ltr'>eipued</span> <span class='ocrx_word' id='word_1_214' title='bbox 737 2788 907 2867; x_wconf 75' lang='lat' dir='ltr'>itfhnrmrrm.</span> 
     </span>
    </p>

    <p class='ocr_par' dir='ltr' id='par_1_13' title="bbox 215 2876 1184 3186">
     <span class='ocr_line' id='line_1_30' title="bbox 215 2876 1178 2962; baseline 0.001 -23"><span class='ocrx_word' id='word_1_215' title='bbox 215 2876 283 2939; x_wconf 79' lang='lat' dir='ltr'>Hac</span> <span class='ocrx_word' id='word_1_216' title='bbox 296 2901 325 2939; x_wconf 90' lang='lat' dir='ltr'>re</span> <span class='ocrx_word' id='word_1_217' title='bbox 338 2880 430 2941; x_wconf 87' lang='lat' dir='ltr'>Varro</span> <span class='ocrx_word' id='word_1_218' title='bbox 448 2879 526 2940; x_wconf 88' lang='lat' dir='ltr'>suum</span> <span class='ocrx_word' id='word_1_219' title='bbox 548 2899 666 2962; x_wconf 87' lang='lat' dir='ltr'>etymon</span> <span class='ocrx_word' id='word_1_220' title='bbox 682 2879 885 2959; x_wconf 80' lang='lat' dir='ltr'>Apollinarium</span> <span class='ocrx_word' id='word_1_221' title='bbox 905 2880 1028 2956; x_wconf 86' lang='lat' dir='ltr'>dierum,</span> <span class='ocrx_word' id='word_1_222' title='bbox 1045 2879 1120 2960; x_wconf 83' lang='lat' dir='ltr'>quod</span> <span class='ocrx_word' id='word_1_223' title='bbox 1138 2897 1178 2940; x_wconf 88' lang='lat' dir='ltr'>ta·</span> 
     </span>
     <span class='ocr_line' id='line_1_31' title="bbox 219 2959 1180 3033; baseline 0.002 -14"><span class='ocrx_word' id='word_1_224' title='bbox 219 2979 285 3019; x_wconf 87' lang='lat' dir='ltr'>men</span> <span class='ocrx_word' id='word_1_225' title='bbox 300 2961 344 3020; x_wconf 88' lang='lat' dir='ltr'>bic</span> <span class='ocrx_word' id='word_1_226' title='bbox 363 2959 548 3033; x_wconf 84' lang='lat' dir='ltr'>deiideratur,</span> <span class='ocrx_word' id='word_1_227' title='bbox 567 2960 747 3022; x_wconf 77' lang='lat' dir='ltr'>confirmavit</span> <span class='ocrx_word' id='word_1_228' title='bbox 763 2962 916 3025; x_wconf 85' lang='lat' dir='ltr'>testimonio</span> <span class='ocrx_word' id='word_1_229' title='bbox 933 2963 1068 3023; x_wconf 83' lang='lat' dir='ltr'>orationis</span> <span class='ocrx_word' id='word_1_230' title='bbox 1089 2960 1180 3022; x_wconf 86' lang='lat' dir='ltr'>nescio</span> 
     </span>
     <span class='ocr_line' id='line_1_32' title="bbox 220 3038 1184 3186; baseline 0 -85"><span class='ocrx_word' id='word_1_231' title='bbox 220 3060 317 3183; x_wconf 53' lang='lat' dir='ltr'><strong>m</strong></span> <span class='ocrx_word' id='word_1_232' title='bbox 330 3042 428 3186; x_wconf 53' lang='lat' dir='ltr'>habptae</span> <span class='ocrx_word' id='word_1_233' title='bbox 442 3045 472 3102; x_wconf 94' lang='lat' dir='ltr'>in</span> <span class='ocrx_word' id='word_1_234' title='bbox 485 3060 603 3124; x_wconf 87' lang='lat' dir='ltr'>praetura</span> <span class='ocrx_word' id='word_1_235' title='bbox 617 3043 722 3104; x_wconf 84' lang='lat' dir='ltr'>urbana</span> <span class='ocrx_word' id='word_1_236' title='bbox 736 3044 771 3105; x_wconf 87' lang='lat' dir='ltr'>ad</span> <span class='ocrx_word' id='word_1_237' title='bbox 781 3045 930 3128; x_wconf 84' lang='lat' dir='ltr'>populum,</span> <span class='ocrx_word' id='word_1_238' title='bbox 942 3042 1008 3126; x_wconf 75' lang='lat' dir='ltr'>iplia</span> <span class='ocrx_word' id='word_1_239' title='bbox 1021 3041 1090 3104; x_wconf 81' lang='lat' dir='ltr'>ludis</span> <span class='ocrx_word' id='word_1_240' title='bbox 1097 3038 1184 3127; x_wconf 64' lang='lat' dir='ltr'>Apol·</span> 
     </span>
    </p>

    <p class='ocr_par' dir='ltr' id='par_1_14' title="bbox 317 3137 507 3187">
     <span class='ocr_line' id='line_1_33' title="bbox 317 3137 507 3187; baseline 0.032 -6"><span class='ocrx_word' id='word_1_241' title='bbox 317 3142 356 3183; x_wconf 56' lang='lat' dir='ltr'>us</span> <span class='ocrx_word' id='word_1_242' title='bbox 398 3137 507 3187; x_wconf 77' lang='lat' dir='ltr'>oPMA.</span> 
     </span>
    </p>
   </div>
   <div class='ocr_carea' id='block_1_8' title="bbox 605 3273 810 3374">
    <p class='ocr_par' dir='ltr' id='par_1_15' title="bbox 605 3273 810 3374">
     <span class='ocr_line' id='line_1_34' title="bbox 605 3273 810 3374; baseline 0.005 -27"><span class='ocrx_word' id='word_1_243' title='bbox 605 3273 730 3374; x_wconf 85' lang='lat' dir='ltr'>Pagina</span> <span class='ocrx_word' id='word_1_244' title='bbox 755 3295 810 3372; x_wconf 82' lang='lat'>57.</span> 
     </span>
    </p>
   </div>
   <div class='ocr_carea' id='block_1_9' title="bbox 226 3410 1189 3908">
    <p class='ocr_par' dir='ltr' id='par_1_16' title="bbox 226 3410 1189 3908">
     <span class='ocr_line' id='line_1_35' title="bbox 264 3410 1185 3554; baseline -0.011 -72"><span class='ocrx_word' id='word_1_245' title='bbox 264 3419 312 3481; x_wconf 82' lang='lat' dir='ltr'>lin.</span> <span class='ocrx_word' id='word_1_246' title='bbox 327 3441 357 3494; x_wconf 79' lang='grc'>4.</span> <span class='ocrx_word' id='word_1_247' title='bbox 377 3418 487 3482; x_wconf 75' lang='lat' dir='ltr'>Vinalia</span> <span class='ocrx_word' id='word_1_248' title='bbox 507 3417 645 3499; x_wconf 74' lang='lat' dir='ltr'>Rustica]</span> <span class='ocrx_word' id='word_1_249' title='bbox 668 3414 781 3477; x_wconf 85' lang='lat' dir='ltr'>Vinalia</span> <span class='ocrx_word' id='word_1_250' title='bbox 793 3411 891 3554; x_wconf 46' lang='lat' dir='ltr'>alm</span> <span class='ocrx_word' id='word_1_251' title='bbox 900 3410 1054 3474; x_wconf 75' lang='lat' dir='ltr'>incidebant</span> <span class='ocrx_word' id='word_1_252' title='bbox 1073 3410 1185 3472; x_wconf 73' lang='lat' dir='ltr'>indicat</span> 
     </span>
     <span class='ocr_line' id='line_1_36' title="bbox 226 3491 1183 3579; baseline -0.01 -15"><span class='ocrx_word' id='word_1_253' title='bbox 226 3500 313 3565; x_wconf 82' lang='lat' dir='ltr'>xxll</span> <span class='ocrx_word' id='word_1_254' title='bbox 329 3501 393 3563; x_wconf 77' lang='lat' dir='ltr'>Kal.</span> <span class='ocrx_word' id='word_1_255' title='bbox 411 3503 487 3579; x_wconf 87' lang='lat' dir='ltr'>Sepr.</span> <span class='ocrx_word' id='word_1_256' title='bbox 503 3497 552 3558; x_wconf 63' lang='lat' dir='ltr'>tUt</span> <span class='ocrx_word' id='word_1_257' title='bbox 571 3515 664 3557; x_wconf 88' lang='lat' dir='ltr'>autem</span> <span class='ocrx_word' id='word_1_258' title='bbox 679 3493 773 3557; x_wconf 83' lang='lat' dir='ltr'>Caelar</span> <span class='ocrx_word' id='word_1_259' title='bbox 843 3513 876 3553; x_wconf 78' lang='lat' dir='ltr'>os</span> <span class='ocrx_word' id='word_1_260' title='bbox 891 3496 1031 3567; x_wconf 82' lang='lat' dir='ltr'>correxit,</span> <span class='ocrx_word' id='word_1_261' title='bbox 1048 3495 1079 3555; x_wconf 75' lang='lat' dir='ltr'>dr</span> <span class='ocrx_word' id='word_1_262' title='bbox 1096 3491 1183 3554; x_wconf 87' lang='lat' dir='ltr'>mensr</span> 
     </span>
     <span class='ocr_line' id='line_1_37' title="bbox 226 3572 1184 3659; baseline -0.011 -15"><span class='ocrx_word' id='word_1_263' title='bbox 226 3582 317 3644; x_wconf 74' lang='lat' dir='ltr'>sextil</span> <span class='ocrx_word' id='word_1_264' title='bbox 326 3584 396 3642; x_wconf 85' lang='lat' dir='ltr'>duoe</span> <span class='ocrx_word' id='word_1_265' title='bbox 409 3579 587 3651; x_wconf 76' lang='lat' dir='ltr'>addiditdies‚</span> <span class='ocrx_word' id='word_1_266' title='bbox 597 3579 642 3659; x_wconf 78' lang='lat' dir='ltr'>agi</span> <span class='ocrx_word' id='word_1_267' title='bbox 655 3593 748 3658; x_wconf 81' lang='lat' dir='ltr'>coepta</span> <span class='ocrx_word' id='word_1_268' title='bbox 759 3574 899 3638; x_wconf 85' lang='lat' dir='ltr'>suanlV</span> <span class='ocrx_word' id='word_1_269' title='bbox 909 3574 971 3637; x_wconf 83' lang='lat' dir='ltr'>Kal.</span> <span class='ocrx_word' id='word_1_270' title='bbox 1022 3594 1060 3655; x_wconf 85' lang='lat' dir='ltr'>pr.</span> <span class='ocrx_word' id='word_1_271' title='bbox 1069 3572 1184 3635; x_wconf 74' lang='lat' dir='ltr'>Festust</span> 
     </span>
     <span class='ocr_line' id='line_1_38' title="bbox 228 3654 1187 3744; baseline -0.009 -22"><span class='ocrx_word' id='word_1_272' title='bbox 228 3662 336 3744; x_wconf 72' lang='lat' dir='ltr'>Rustica</span> <span class='ocrx_word' id='word_1_273' title='bbox 358 3661 464 3721; x_wconf 79' lang='lat' dir='ltr'>vinalia</span> <span class='ocrx_word' id='word_1_274' title='bbox 488 3659 650 3740; x_wconf 81' lang='lat' dir='ltr'>appellavere</span> <span class='ocrx_word' id='word_1_275' title='bbox 664 3657 747 3738; x_wconf 74' lang='lat' dir='ltr'>mense</span> <span class='ocrx_word' id='word_1_276' title='bbox 767 3658 815 3717; x_wconf 86' lang='lat' dir='ltr'>Au</span> <span class='ocrx_word' id='word_1_277' title='bbox 833 3657 886 3738; x_wconf 71' lang='lat' dir='ltr'>ullo</span> <span class='ocrx_word' id='word_1_278' title='bbox 909 3676 985 3737; x_wconf 85' lang='lat' dir='ltr'>quart</span> <span class='ocrx_word' id='word_1_279' title='bbox 1019 3657 1097 3715; x_wconf 81' lang='lat' dir='ltr'>ecinro</span> <span class='ocrx_word' id='word_1_280' title='bbox 1115 3654 1187 3716; x_wconf 83' lang='lat' dir='ltr'>Kal.</span> 
     </span>
     <span class='ocr_line' id='line_1_39' title="bbox 227 3734 1187 3824; baseline -0.013 -18"><span class='ocrx_word' id='word_1_281' title='bbox 227 3748 301 3824; x_wconf 81' lang='lat' dir='ltr'>Sept.</span> <span class='ocrx_word' id='word_1_282' title='bbox 314 3742 394 3805; x_wconf 82' lang='lat' dir='ltr'>Iouis</span> <span class='ocrx_word' id='word_1_283' title='bbox 409 3742 466 3802; x_wconf 85' lang='lat' dir='ltr'>dies</span> <span class='ocrx_word' id='word_1_284' title='bbox 475 3738 565 3823; x_wconf 76' lang='lat' dir='ltr'><em>fistus.</em></span> <span class='ocrx_word' id='word_1_285' title='bbox 585 3741 632 3801; x_wconf 84' lang='lat' dir='ltr'>An</span> <span class='ocrx_word' id='word_1_286' title='bbox 652 3760 681 3798; x_wconf 89' lang='lat' dir='ltr'>er</span> <span class='ocrx_word' id='word_1_287' title='bbox 701 3759 720 3798; x_wconf 90' lang='lat' dir='ltr'>o</span> <span class='ocrx_word' id='word_1_288' title='bbox 740 3740 783 3801; x_wconf 88' lang='lat' dir='ltr'>M.</span> <span class='ocrx_word' id='word_1_289' title='bbox 830 3758 914 3810; x_wconf 81' lang='lat' dir='ltr'>arro,</span> <span class='ocrx_word' id='word_1_290' title='bbox 931 3758 995 3798; x_wconf 84' lang='lat' dir='ltr'>cum</span> <span class='ocrx_word' id='word_1_291' title='bbox 1012 3738 1064 3797; x_wconf 76' lang='lat' dir='ltr'>hoo</span> <span class='ocrx_word' id='word_1_292' title='bbox 1081 3734 1117 3796; x_wconf 82' lang='lat' dir='ltr'>de</span> <span class='ocrx_word' id='word_1_293' title='bbox 1129 3736 1187 3795; x_wconf 87' lang='lat' dir='ltr'>lin·</span> 
     </span>
     <span class='ocr_line' id='line_1_40' title="bbox 229 3813 1189 3908; baseline -0.008 -20"><span class='ocrx_word' id='word_1_294' title='bbox 229 3843 284 3908; x_wconf 82' lang='lat' dir='ltr'>gua</span> <span class='ocrx_word' id='word_1_295' title='bbox 302 3824 400 3887; x_wconf 87' lang='lat' dir='ltr'>Latina</span> <span class='ocrx_word' id='word_1_296' title='bbox 416 3822 499 3887; x_wconf 83' lang='lat' dir='ltr'>libros</span> <span class='ocrx_word' id='word_1_297' title='bbox 513 3821 661 3899; x_wconf 84' lang='lat' dir='ltr'>scriberet,</span> <span class='ocrx_word' id='word_1_298' title='bbox 730 3818 787 3883; x_wconf 86' lang='lat' dir='ltr'>lare</span> <span class='ocrx_word' id='word_1_299' title='bbox 801 3818 859 3902; x_wconf 80' lang='lat' dir='ltr'>jam</span> <span class='ocrx_word' id='word_1_300' title='bbox 878 3817 1024 3894; x_wconf 71' lang='lat' dir='ltr'>dilictore,</span> <span class='ocrx_word' id='word_1_301' title='bbox 1041 3833 1136 3879; x_wconf 81' lang='lat' dir='ltr'>tameo</span> <span class='ocrx_word' id='word_1_302' title='bbox 1149 3813 1189 3880; x_wconf 82' lang='lat' dir='ltr'>le-</span> 
     </span>
    </p>
   </div>
   <div class='ocr_carea' id='block_1_10' title="bbox 0 0 1473 4567">
    <p class='ocr_par' dir='ltr' id='par_1_17' title="bbox 0 0 1473 4567">
     <span class='ocr_line' id='line_1_41' title="bbox 0 0 1473 4567; baseline 0 0"><span class='ocrx_word' id='word_1_303' title='bbox 0 0 1473 4567; x_wconf 95' lang='lat' dir='ltr'> </span> 
     </span>
    </p>
   </div>
  </div>
 </body>
</html>
