2834 4567
206 359 207 364 '
273 384 405 474 264
471 379 522 454 ιι.
545 377 765 455 nannnrn
788 377 1031 453 vinnons

273 543 338 613 mis
345 538 592 670 ,Antefignani
613 539 784 636 quadratis
802 537 918 616 multis
939 537 1126 641 insignibus
1145 538 1235 674 teffli

272 653 363 725 Non.
387 657 497 744 Viles⁴¹
506 655 580 722 item
603 651 721 752 Aures
715 677 854 747 gnanus

459 775 1061 872 ΑΝΘΡΩΠΟΤΡΓῙΑ

573 915 672 1001 Περὶ
707 923 943 996 γενεθλιῶν.

208 1095 212 1100 ,
323 1024 414 1103 Doti
428 1028 507 1102 dato
521 1028 662 1101 insulam
676 1029 801 1102 Chium
809 1057 946 1128 ,agrum
959 1031 1165 1123 Caecubum,
1182 1031 1239 1106 Se·

272 1136 375 1235 piaiia
390 1139 536 1233 Capuae
550 1136 728 1212 macellum
743 1138 893 1218 Romuli.
907 1144 996 1213 Non
1008 1147 1086 1238 Sep
1084 1141 1195 1242 asum.
1290 1167 1293 1172 ·

333 1249 376 1317 Et
397 1246 628 1342 Hymenaeus,
649 1247 708 1344 qui
730 1248 844 1344 primo
870 1248 985 1329 lavere
1006 1249 1132 1323 alvum
1147 1274 1239 1323 mar·

74 1311 77 1322 ‹
175 1423 181 1436 ,
275 1354 374 1452 supio
389 1349 484 1429 soler.
500 1357 590 1428 Note.
608 1359 731 1441 Latere.

323 1464 509 1564 Vulgoque
528 1483 650 1538 avarus
668 1464 839 1538 fenerator
849 1465 935 1563 ,spe
953 1466 1040 1543 lucri
1051 1518 1061 1554 ,
1072 1492 1143 1540 rem
1161 1464 1243 1540 scri·

275 1572 396 1673 ptione
414 1574 611 1669 duplicarat.
624 1577 715 1649 Non.
730 1581 925 1673 scriptione,
935 1603 994 1673 pro
999 1577 1165 1672 scriptura.

262 1747 265 1754 .
327 1685 410 1758 Non
431 1680 470 1757 fit
501 1683 683 1774 thesauris,
718 1711 790 1787 nnn
821 1711 908 1760 auro
937 1687 1050 1781 peiins
1075 1679 1240 1759 soletum:
1348 1685 1353 1694 '
1403 1693 1405 1730 r

274 1797 384 1871 Νοιι
378 1793 496 1869 animis
516 1795 656 1869 demunt
671 1821 768 1888 coras
785 1821 825 1868 ac
843 1797 1058 1893 relligiones,
1124 1792 1137 1832 ’*

275 1905 450 1978 Persarum
473 1924 628 1998 montes,
647 1928 721 1978 non
743 1902 861 1978 divitis
882 1904 966 1978 atria
987 1906 1107 1984 Crafli.

274 2014 436 2089 Nonius
422 2040 456 2082 m
476 2013 624 2107 Rellr'gio.

213 2131 215 2134 ’
324 2121 573 2212 Amiropopuli.
588 2116 844 2192 Nonrnndo
807 2142 927 2192 vinum
944 2120 1040 2210 dare,
1056 2118 1243 2215 sedetiam,

275 2247 314 2301 nt
326 2225 505 2299 Plautus
476 2247 542 2319 atr,
551 2223 765 2302 nnurrhinam
775 2281 786 2320 ,
798 2226 946 2326 passum,
956 2174 1136 2304 defritunn.
1150 2233 1242 2305 Non.

274 2338 460 2414 Murrbirra.
925 2425 930 2436 „
992 2417 999 2429 ,

337 2419 390 2523 nie
411 2451 526 2538 dares,
547 2473 590 2522 ne
614 2448 815 2544 polliceres,
835 2449 930 2551 quod
948 2449 1075 2527 datunn
1090 2452 1243 2542 Nonius,

275 2565 423 2636 Polliccrr
436 2590 499 2657 pro
515 2561 682 2654 polliceris.

407 2715 734 2786 ARMQRunt
774 2716 1113 2794 JUDICIUM.
1204 2759 1211 2774 .

749 2817 769 2858 ἰ·

325 2918 386 2993 Ille
405 2917 503 2992 viros
527 2917 680 3009 hortari,
692 2939 731 2992 ur
749 2918 898 2992 rixarent
919 2907 1072 3016 praecliri
1084 2914 1242 2992 Philoso·
1387 2909 1404 2979 n

168 3131 172 3140 ι
239 3125 242 3130 θ
277 3019 449 3130 ph1.Norr.
464 3032 641 3111 Rixarrnt,
657 3060 719 3124 pro
740 3035 971 3103 rixarentur

302 3151 399 3230 Ut
390 3178 426 3224 ιιι
444 3150 546 3227 litore
564 3175 679 3227 cancri
669 3150 804 3276 digitis
820 3148 1029 3250 primoribus
1047 3147 1141 3225 stare.
1152 3152 1243 3223 Non.

236 3289 238 3294 ‘
277 3266 314 3336 in
329 3268 498 3338 Primores.

677 3382 847 3458 BAJAE·

752 3495 773 3533 a

327 3591 438 3687 Quod
457 3615 530 3666 non
542 3592 663 3668 totum
682 3551 819 3669 innubae
842 3591 931 3667 fiunt
949 3585 1170 3679 communes,
1185 3589 1244 3664 sed

276 3701 378 3776 etiam
401 3703 780 3800 veteres-puellascunt,
799 3707 838 3777 &
863 3702 962 3773 multi
989 3702 1085 3796 pueri
1111 3698 1242 3799 puella·

277 3812 386 3891 scunt.
403 3818 492 3889 Nora.
510 3815 547 3889 ia
565 3812 775 3910 Puellafterc,
784 3840 846 3908 pro
860 3807 1044 3912 ffminari.
