2834 4567
104 308 125 341 ⁸
242 364 317 455 330
460 359 511 433 nt
534 359 755 433 Taunum
779 360 1015 435 vtuuouu

243 518 356 593 addita
368 517 556 595 differentia
568 544 612 596 ex
621 517 834 597 Academicis
846 518 1113 615 noviedffiunt
1122 526 1208 621 quai

241 626 395 725 draginta
414 630 508 703 οᾶο.

284 735 420 811 dllaruru
443 738 572 837 quippe
593 736 718 838 viginti
745 759 894 838 quatuor
919 764 1088 838 unamque
1106 739 1209 814 seua-

238 870 315 920 rum
336 848 446 945 potest
463 849 608 950 quisque
625 850 670 925 fic
683 865 800 923 tenere
811 875 852 926 ac
867 848 1067 942 defendere,
1080 870 1117 922 ut
1132 875 1208 924 cer·

237 971 330 1045 tan,
346 960 637 1056 quemadmodum
649 961 875 1036 defenderunt
887 962 1017 1053 Stoici,
1029 963 1125 1060 quod
1138 962 1207 1035 ho·

237 1066 339 1145 minis
361 1071 512 1160 bonum,
527 1096 599 1170 quo
625 1073 743 1149 beatus
760 1074 860 1164 esset,
881 1073 918 1147 in
941 1074 1049 1149 animi
1076 1093 1209 1148 tantuna

238 1180 369 1256 virtute
390 1182 598 1260 consisteret.
618 1185 732 1260 Potest
753 1186 840 1260 alius
865 1203 904 1259 ut
926 1185 1208 1271 incertam,ficut

236 1288 463 1365 defenderunt
490 1292 686 1368 Academici
707 1295 819 1384 novi,
840 1295 937 1393 quod
956 1294 1028 1386 eis,
1047 1294 1107 1368 etsr
1133 1318 1207 1369 non

237 1417 389 1492 certum,
406 1419 518 1476 tanuen
539 1402 722 1479 verisimile
744 1403 935 1481 videbatur.

199 1520 222 1531 ’
297 1510 608 1613 vigintiquatuor
637 1540 721 1616 ergo
745 1514 834 1590 siunt
863 1540 924 1615 per
950 1538 1037 1606 eos,
1059 1513 1120 1616 qui
1151 1539 1208 1589 eas

237 1620 333 1696 velut
361 1642 467 1699 certas
501 1648 644 1725 propter
677 1628 884 1718 veritatem,
910 1630 949 1705 δι
974 1627 1050 1702 asie
1082 1626 1208 1726 viginti

235 1753 384 1833 quatuor
405 1761 569 1833 percos,
588 1740 647 1839 qui
666 1741 799 1817 easdem
823 1740 920 1815 velut
942 1739 1109 1830 incertas,
1125 1764 1208 1836 pro·

235 1866 311 1945 pter
331 1848 661 1925 verifimilirudinem
685 1851 873 1951 sequendas
897 1868 1027 1946 putant.
1050 1848 1208 1940 Rursus,
1277 1914 1286 1935 ,
1404 1854 1405 1913 ἶ

235 1956 314 2054 quia
326 1983 601 2057 unamquamque
617 1957 755 2033 istarum
777 1959 1000 2058 quadraginta
1012 1958 1093 2031 odio
1109 1958 1210 2031 seda·

195 2082 198 2089 '
234 2092 309 2140 rum
332 2067 444 2163 potest
472 2066 615 2167 quisque
639 2067 734 2166 sequi
762 2068 882 2143 habim
910 2086 1104 2141 ceterorum
1126 2068 1208 2140 Phi·

155 2232 161 2246 .
232 2173 643 2275 losophorum3itemque
669 2178 781 2276 potest
802 2178 887 2253 alius
909 2178 1026 2252 habitu
1044 2177 1206 2279 Cynico·

233 2312 333 2360 runt:
353 2311 397 2360 ex
415 2286 480 2362 hac
499 2286 687 2366 differentia
706 2290 945 2390 duplicantur,
959 2294 999 2367 δι
1020 2291 1208 2392 nonaginta

233 2403 292 2478 sex
313 2401 411 2479 fiunt.

291 2512 430 2590 Deinde
452 2513 534 2613 quia
554 2538 671 2588 earum
697 2511 842 2613 singulas
869 2508 1019 2613 quasque
1045 2509 1093 2585 ita
1118 2509 1207 2586 tueri

233 2623 392 2699 homines
413 2624 573 2721 possunt,
586 2641 688 2720 atque
708 2620 843 2721 sedari,
864 2641 903 2694 ut
923 2642 981 2695 aut
994 2618 1141 2694 otiosam
1156 2619 1207 2692 di·

233 2734 342 2830 ligant
360 2732 490 2824 vitani,
505 2731 591 2808 ficut
604 2731 663 2822 hi,
676 2733 738 2832 qui
752 2731 991 2807 tantummodo
1011 2724 1127 2803 siudiis
1141 2729 1206 2800 do·

158 2859 161 2866 “
233 2841 350 2917 drinae
364 2863 488 2916 vacare
509 2841 716 2930 voluerunt,
734 2863 837 2940 atque
858 2841 1057 2915 valuerunt:
1070 2859 1129 2910 aur
1143 2860 1206 2909 ne·

232 2949 422 3053 gotiosam,
435 2951 521 3026 sicut
539 2949 596 3041 hi,
614 2950 676 3051 qui
696 2977 775 3025 cunr
791 2949 1136 3048 philosopharentur,
1151 2964 1205 3020 ta·

232 3090 313 3140 rnen
334 3063 623 3139 administratione
645 3063 841 3160 reipublice
863 3058 1081 3160 regendisque
1104 3060 1207 3133 rebus

149 3185 152 3191 ’
231 3174 387 3250 humanis
409 3171 660 3272 occupatissimi
675 3172 813 3249 suerunt
824 3196 834 3243 z
847 3185 904 3242 aut
922 3190 967 3240 ex
982 3185 1130 3264 utroque
1144 3190 1205 3262 ge·

232 3306 316 3355 nere
331 3301 570 3378 temperatam,
584 3281 668 3357 sicut
678 3278 732 3369 hi,
745 3275 804 3377 qui
815 3276 937 3376 partim
957 3274 1094 3350 erudito
1106 3273 1204 3365 otio,

191 3396 193 3403 '
232 3387 356 3487 partim
367 3390 551 3487 necessario
564 3390 724 3492 negotio,
734 3386 934 3466 alternantia
945 3386 1028 3463 vire
1039 3386 1106 3460 suae
1118 3403 1204 3458 tem·

234 3527 322 3603 pora
343 3502 551 3580 tribuerunt.

294 3614 439 3709 Propter
465 3613 525 3688 has
546 3613 754 3696 differentias
777 3611 889 3714 potest
910 3608 1020 3686 etiam*
1038 3605 1204 3708 triplicari

233 3748 396 3800 numerus
419 3723 478 3799 iste
505 3723 688 3821 sedarum,
711 3727 751 3803 dc
776 3726 1003 3803 adducentes
1029 3721 1203 3822 odoginta

232 3835 315 3933 pdo
337 3833 489 3939 perduci.
602 3942 605 3961 Ι
