2834 4567
304 397 438 456 tot*>
612 376 904 448 Not-m

300 537 429 600 tullianus
445 531 512 596 dixit
529 521 699 615 postularitat
718 534 746 594 in
763 533 833 594 libro
851 532 887 594 de
910 529 1024 595 Corona
1037 533 1142 610 militis:
1160 537 1259 620 Officia

294 618 397 702 seculi,
409 618 515 677 lionoret
525 616 728 698 ,solemnitatem
737 615 941 696 postularitates,
953 614 1032 695 fhlsa
1044 633 1117 677 vom.
1125 615 1257 683 Pot’tttl.

340 698 386 759 lin.
398 718 444 772 24·
461 697 493 757 A
505 697 653 760 Concordia
671 695 793 777 uersum]
806 696 893 778 vug.
907 719 925 756 a
937 695 1081 757 Concordia
1097 704 1257 777 conversura.

300 778 374 863 Lege
384 803 392 840 t
401 780 452 842 Ad
467 780 617 841 Concordia
629 780 786 859 conuersum
801 775 845 838 Eo
858 780 930 837 enim
943 777 1107 839 conversum
1126 779 1259 861 supplices

298 882 398 926 manto
412 858 577 941 protendilie
591 859 745 941 colligimus
756 879 791 920 ex
801 857 900 919 livio:
915 858 1050 934 Silentia,
1065 861 1260 941 ioquin-sallo,
1287 873 1294 883 ‘

186 985 191 993 ·
300 941 396 1021 terrola
414 943 532 1004 Deorum
546 942 747 1014 immortalium,
765 961 821 1020 qua
834 937 896 1018 fetro
916 939 1069 1015 imminent,
1088 942 1259 1021 Capitolium.

169 1065 173 1074 ·
299 1046 349 1106 que
365 1024 521 1095 intuentem,
540 1022 567 1081 ὁ
583 1043 678 1083 manus
694 1044 764 1082 nunc
781 1021 810 1080 r'n
825 1021 932 1094 calum,
950 1040 1020 1080 nunc
1035 1022 1065 1080 in
1084 1039 1155 1083 terra
1165 1021 1279 1104 poten-¹

301 1104 339 1167 tis
355 1105 456 1163 hiatum
480 1106 518 1164 ad
534 1106 611 1164 Deos
625 1125 715 1163 martes
727 1102 915 1185 porrigentem,
925 1101 955 1181 fi
971 1103 1069 1162 devovi
1090 1129 1111 1164 e.
1128 1103 1257 1167 Formula

299 1184 476 1258 devotionis,
490 1200 620 1265 intantum
634 1205 669 1245 ex
686 1184 746 1245 aliis
763 1185 862 1243 imitari
879 1185 1033 1263 potuimus,
1051 1205 1111 1266 pus
1126 1188 1259 1247 minusita

301 1267 412 1346 concipi
434 1267 551 1345 poterit:
567 1265 653 1339 lane,
672 1266 751 1328 loris
764 1284 859 1359 pater,
876 1265 1035 1359 Marspiter,
1053 1268 1176 1345 Quirine,
1200 1268 1261 1326 La·

296 1348 357 1431 ses,
374 1348 447 1407 Diui
460 1349 631 1425 nouenfides,
644 1348 697 1407 Dii
713 1346 855 1425 indigetes:
870 1347 960 1419 Dior,
978 1367 1082 1426 quorum
1099 1348 1260 1429 estpotestas
1319 1351 1324 1364 “

298 1428 391 1510 papolt'
405 1428 521 1487 Romani
536 1429 702 1507 Quiritium,
717 1427 828 1509 meique:
842 1428 945 1506 Diique
956 1447 1058 1502 manes,
1072 1429 1124 1509 sub
1139 1450 1190 1488 vos
1200 1430 1262 1509 pla.

300 1532 352 1584 co,
372 1529 535 1592 venerorque:
552 1511 658 1570 ueniam
677 1525 756 1592 peto,
780 1509 947 1590 obsecroque,
961 1508 1003 1568 uti
1020 1509 1115 1589 popolo
1137 1511 1259 1570 Romano

215 1585 218 1590 ¹
304 1589 450 1671 Quiritium
463 1594 546 1651 vitam
556 1592 718 1673 saltuemque
726 1592 876 1672 prosperetis
885 1613 892 1648 :
900 1590 942 1648 uti
955 1610 1003 1670 ego
1020 1590 1151 1672 acimproe
1161 1589 1262 1673 mefhr·

300 1673 425 1736 midinem
437 1691 578 1754 metumque
602 1694 714 1745 mnam,
735 1672 866 1753 calestirtn
889 1668 1066 1751 infernumque
1083 1673 1195 1733 omnium
1212 1674 1260 1731 tta

300 1777 347 1817 ras
359 1798 369 1826 ,
376 1754 458 1832 ficati
474 1756 559 1816 cerlis
575 1774 662 1814 nuncu
680 1752 751 1830 affin:
768 1755 807 1814 ita
824 1773 873 1833 pro
891 1774 916 1811 re
928 1751 1033 1832 pollina
1053 1754 1145 1833 popoli
1164 1755 1262 1812 Roma-

303 1837 334 1897 ni
350 1836 512 1914 Quiritium,
529 1838 611 1896 unane
621 1776 782 1915 saltemque
791 1853 871 1894 meam
884 1833 952 1892 Diis
966 1834 1106 1910 manibus,
1118 1833 1261 1915 Tellurique

303 1921 428 1977 clauom.
448 1914 570 1977 Decium
662 1936 697 1976 ue
720 1914 809 1974 filium
825 1914 952 1995 exetttplo
970 1916 1054 1994 patris
1070 1914 1097 1975 se
1110 1936 1161 1996 pro
1177 1919 1262 1996 patria

303 1995 495 2061 devoventem
515 1998 588 2058 intro
608 1997 742 2056 uxoratio
758 1995 919 2057 Praetextata
934 1994 966 2056 L
985 1996 1092 2076 Attius,
1106 1998 1150 2056 cui
1165 1999 1266 2058 AEnea-

304 2080 355 2140 das
368 2076 413 2139 seu
431 2076 552 2138 Decium
564 2097 666 2138 nomen
682 2074 793 2138 fecerat.
807 2076 900 2157 Atque
916 2077 976 2136 haec
991 2078 1077 2138 verba
1088 2079 1170 2138 citata
1182 2076 1263 2139 aNo·

297 2145 375 2231 nio',
394 2178 451 2219 non
468 2157 616 2218 obscurum
633 2155 723 2218 eliab
742 2155 802 2239 ipso
819 2157 954 2235 proferri:

347 2240 443 2299 Patrio
464 2241 580 2320 exemplo
598 2260 638 2299 me
656 2239 769 2299 duola.-
788 2241 903 2297 animam
920 2238 1049 2298 deuorato
1069 2239 1193 2381 willer.

305 2319 421 2384 Deinde
436 2320 562 2402 posuerat
579 2319 726 2382 formulam
739 2320 912 2396 devotionis,
926 2337 988 2401 quae
1004 2320 1063 2384 haec
1122 2344 1132 2383 t

352 2403 389 2461 Te
402 2402 492 2482 sende
511 2421 637 2464 renuant
653 2404 771 2483 precibus
791 2402 886 2460 invilla
905 2401 1017 2474 invoco,
1077 2465 1079 2468 ,

350 2482 479 2544 Portenta
498 2504 527 2558 ut
542 2485 639 2566 popolo
654 2484 751 2562 patria
770 2503 906 2542 verrunces
924 2482 995 2543 lene.

306 2563 354 2628 Ac
369 2562 472 2642 nescio,
490 2586 527 2625 an
539 2565 616 2626 idem
633 2564 794 2626 intellexerit
811 2563 915 2625 Ennius
932 2561 1033 2624 nunni
1046 2561 1085 2625 6:
1187 2617 1193 2622 ,

492 2651 622 2707 -artdr'te
640 2666 794 2727 parumper,

352 2731 396 2789 Ut
408 2748 459 2809 pro
478 2730 598 2788 Romano
614 2725 710 2807 popolo
728 2726 888 2809 prognariter
906 2724 988 2787 armis

353 2811 495 2880 Certando,
514 2810 629 2889 prudent
647 2808 761 2868 ammam
781 2810 813 2866 de
831 2828 932 2883 corpore
951 2808 1037 2868 mitto:
1049 2807 1185 2870 SanIG.

307 2885 471 3029 Lefieodum
481 2912 489 2950 t
500 2889 552 2950 Aa
566 2889 716 2952 Concordia
728 2892 837 2970 uersrtrn.
849 2888 915 2948 Mos
926 2890 997 2948 enim
1008 2906 1089 2948 vetus
1102 2893 1131 2949 δι
1141 2887 1270 2950 solemnit

305 2971 335 3030 in
370 2969 556 3044 cretionibus,
569 2987 598 3030 ut
614 2985 757 3050 precantes
772 2969 939 3050 adspicerent
955 2969 1056 3051 templa
1073 2969 1211 3044 Deorum,
1235 2973 1269 3033 δι

306 3050 346 3112 ad
363 3051 405 3112 illa
421 3050 508 3125 versi,
527 3051 555 3113 se
578 3052 663 3112 morti
686 3048 828 3111 offerrent.
852 3047 947 3112 Livius
971 3050 1006 3111 de
1025 3051 1124 3112 eodem
1147 3050 1270 3114 Curtio:

311 3133 424 3213 Templa
438 3135 554 3194 Deorum
570 3132 773 3205 immortalium,
787 3152 844 3211 qua
853 3132 917 3210 firro
933 3133 1065 3191 imminent
1072 3178 1083 3205 ,
1099 3132 1269 3213 Capitolium·

208 3251 238 3286 ,-
308 3234 358 3294 que
371 3215 533 3291 intuentem,
548 3216 575 3277 δ’
589 3234 682 3275 manus
702 3233 772 3272 nunc
790 3213 938 3286 incolum,
954 3234 1025 3295 nune
1041 3214 1071 3272 in
1086 3231 1156 3273 terra
1172 3233 1269 3292 paten-

306 3296 346 3354 tt't
363 3295 466 3374 limera
482 3299 521 3357 ael
534 3298 609 3359 Deos
627 3316 719 3355 manes
732 3295 900 3374 porrigentem
912 3297 943 3376 se
964 3293 1101 3374 devoviffe.
1128 3296 1179 3354 Ad
1203 3296 1270 3356 Con·

307 3375 400 3437 cornia
417 3378 531 3458 uerfior,
547 3380 659 3459 antiqua
677 3376 800 3449 locutio,¹
820 3394 904 3453 quam
923 3377 1005 3436 etiam
1022 3374 1169 3435 Priscianus
1185 3395 1271 3435 accu-

306 3471 365 3518 rate
384 3454 552 3518 observavit.
571 3458 664 3521 Varro
681 3458 729 3517 lib.
754 3475 787 3540 5:
805 3457 856 3516 Sol
868 3461 905 3517 ad
920 3477 968 3516 nos
982 3457 1147 3596 umquem&
1164 3455 1213 3517 lib.
1234 3455 1271 3518 8:

307 3537 342 3599 A
356 3539 446 3610 lnuna
456 3540 555 3620 versum
571 3540 704 3601 contraria
717 3559 803 3621 parte.
816 3535 910 3599 Caesat
925 3538 959 3599 de
968 3536 1016 3598 Bel
1026 3537 1162 3598 oGallico
1173 3538 1219 3598 lib.
1235 3538 1273 3599 6:
1295 3552 1299 3557 ·

221 3633 224 3640 ’
309 3618 342 3680 T.
363 3619 508 3679 Labienum
524 3641 581 3680 cttm
596 3621 744 3701 legionibus
766 3620 849 3681 tribus
865 3621 904 3677 ael
928 3621 1060 3679 Oceanum
1081 3620 1178 3700 uersus.
1196 3618 1271 3678 idem

306 3699 354 3762 lib.
368 3700 401 3762 6:
425 3701 522 3760 Mouet
535 3703 565 3759 t'n
577 3702 715 3762 Aruernos
732 3703 829 3783 versuo.
847 3697 982 3760 Sallustius
999 3697 1134 3761 Catilina:
1149 3700 1182 3759 In
1200 3699 1272 3759 Gal·

308 3782 375 3841 liam
395 3784 484 3865 versus
500 3783 582 3861 caslra
600 3781 856 3845 amaloini.
958 3843 962 3860 1

348 3863 393 3924 lin
412 3867 469 3945 qt.
492 3865 606 3927 Canium
621 3866 650 3925 ia
665 3864 780 3947 locum]
806 3863 882 3926 Prior
901 3882 960 3925 von
979 3859 1131 3937 redundat3
1144 3858 1194 3922 nist
1208 3860 1268 3934 eleg
