2834 4567
271 321 339 422 37⁶
468 313 1017 392 n.TtneuT11vauuouts

318 478 484 556 Animalia
505 479 649 553 Varroni
669 478 831 552 ridentur
853 476 1038 564 elementa,
1058 475 1221 577 quoniam

270 588 530 689 persemetipsa,
543 587 652 688 inquit
664 640 676 680 ,
690 590 886 661 moventur.
898 592 983 660 Idem
997 580 1052 660 lib.
1067 593 1173 663 XIII.
1228 596 1234 621 ¹

736 701 757 737 ss·

319 794 467 891 Quidam
491 794 568 869 illos
588 790 751 895 (ventos)
775 791 955 866 duodecim
973 790 1120 866 faciuntt
1142 815 1226 888 qua·

271 926 351 982 tuor
368 905 458 977 enirn
474 905 547 978 caeli
567 923 698 1001 partes,
718 902 881 974 internas
901 901 1081 993 dividunt,
1100 903 1140 977 &
1158 902 1227 974 fin·

119 1070 121 1077 ,
271 1015 358 1112 gulis
381 1012 493 1085 ventis
514 1013 614 1084 binos
635 1009 786 1083 suffectos
809 1011 899 1085 daur.
919 1010 982 1085 hac
1003 1032 1074 1084 arte
1095 1013 1229 1100 Varro,

273 1126 329 1199 vir
345 1108 595 1222 diligetis‚iilos
612 1123 758 1197 ordinat.
771 1126 885 1196 Seneca
902 1110 1110 1197 Naturaiium
1127 1125 1225 1218 Quo·

264 1238 404 1340 flionum
424 1241 478 1311 lib.
504 1239 547 1306 V.

324 1389 362 1498 in
381 1426 508 1499 Chium
526 1423 645 1499 vinum
665 1424 793 1497 marina
815 1449 887 1498 non
906 1423 1060 1499 additur:
1082 1423 1161 1497 inde
1178 1422 1232 1497 in·

276 1533 425 1608 ssitururn
450 1534 550 1607 tradit
575 1537 705 1625 Varro,
725 1552 763 1606 ut
782 1533 946 1630 Delphini
961 1534 1054 1610 circa
1072 1535 1231 1609 Liberum

68 1722 73 1733 x
218 1674 220 1679 ’
277 1644 503 1743 pingerentur.
526 1645 679 1741 Porphyr.
701 1649 739 1717 in
758 1649 943 1722 Horatium.

328 1859 441 1928 Varro
451 1855 518 1945 ait,
529 1853 644 1949 opima
658 1851 765 1947 spolia
777 1852 877 1924 etiam
887 1851 1005 1940 effudi
1020 1850 1235 1949 manipularis

280 1961 377 2037 miles
397 1963 599 2053 detraxerit,
619 1959 808 2032 dummodo
827 1959 906 2032 duci
926 1960 1085 2035 hostium.
1110 1967 1189 2065 Fest.

749 2073 769 2109 ἦ

332 2164 542 2240 Lemniscatae
563 2186 703 2240 corona
722 2163 797 2238 sunt
815 2165 857 2238 de
870 2162 1049 2238 frondibus
1071 2167 1110 2239 &
1129 2162 1240 2240 disco.

283 2276 414 2351 loribus
433 2274 561 2361 fasciis,
575 2278 635 2359 &‚
651 2274 735 2347 sicut
747 2279 861 2350 Varro
877 2274 979 2367 dicit,
996 2273 1107 2376 magni
1124 2276 1241 2352 hono·

284 2384 331 2457 tis
351 2383 435 2459 sunt.
451 2392 538 2459 Serv.
557 2391 595 2458 in
615 2392 649 2459 V
664 2391 798 2460 AEneid.

754 2501 776 2538 ἢ

164 2636 167 2659 .
234 2582 237 2586 ’
335 2592 517 2668 Talentum
534 2590 705 2683 Atticum,
722 2591 824 2666 ut'ait
840 2595 974 2682 Varro,
998 2613 1071 2667 xv1
1092 2590 1242 2670 sestertiis

288 2724 431 2780 taxatur.
451 2706 538 2778 Plin.
560 2710 615 2780 lib.
630 2708 797 2794 XXXV,
821 2733 890 2800 cap.
908 2732 969 2797 40.

755 2819 775 2855 Ι·

339 2912 449 2983 Varro
471 2868 909 3005 etiam‘pumenrariizvice
927 2908 1006 2984 usos
1030 2924 1160 2986 veteres
1181 2910 1244 2986 saie

292 3021 411 3103 tutior
430 3017 497 3090 est:
522 3022 559 3094 &
587 3018 685 3092 salem
707 3044 785 3092 cum
808 3042 891 3114 pane
911 3017 1034 3092 efirasse
1058 3044 1139 3111 eos,
1164 3045 1246 3120 pro·

292 3128 416 3203 verbio
436 3145 583 3226 apparet.
599 3132 686 3200 Idem
709 3132 787 3199 libro
804 3129 967 3216 XXXI,
991 3155 1058 3223 cap.
1077 3157 1127 3221 41·

761 3242 782 3278 Ι·

205 3388 208 3393 .
344 3335 392 3404 M.
411 3336 523 3405 Varro
538 3333 656 3407 anaor
673 3332 741 3422 est,
761 3358 839 3407 cum
855 3336 894 3409 L.
910 3333 1064 3409 Metellus
1076 3332 1112 3404 in
1128 3332 1249 3408 trium·

296 3440 369 3536 pho
386 3438 551 3537 plurimos
565 3441 662 3515 duxit
675 3442 893 3538 elephantos,
903 3443 1022 3516 affibus
1036 3441 1170 3540 fingulis
1183 3443 1250 3517 far·

297 3551 344 3623 tis
364 3548 499 3627 modios
518 3551 632 3625 fuisse:
647 3551 727 3626 item
742 3552 816 3627 vini
832 3553 995 3650 congios,
1007 3551 1133 3649 ficique
1154 3552 1249 3633 stccae

153 3720 156 3725 ,
301 3654 419 3749 pondo
430 3660 614 3743 xxx‚olei
629 3663 747 3756 pondo
760 3662 930 3754 x,carnis
944 3663 1062 3758 pondo
1074 3682 1143 3735 xit.
1162 3667 1250 3735 Idem

255 3854 259 3859 ,
301 3773 378 3841 tun
395 3750 629 3864 nutusnp.
652 3798 687 3860 4.
816 3838 820 3851 ,
