2834 4567
292 356 364 484 33'8
394 470 396 477 y
484 381 535 452 nt.
563 376 783 452 Taurum
811 326 1051 456 vluuours
1108 402 1113 409 ·

190 534 192 538 ’
288 571 364 648 quo
386 544 471 621 loco
494 563 756 618 monumentum
776 542 916 645 reliquit
937 546 1048 645 lapide
1071 550 1259 647 quadrato:

289 655 419 756 lingula
438 655 540 728 latera
560 656 684 752 pedum
707 654 772 727 lata
792 653 983 747 tricenum,
1002 658 1068 733 alta
1088 660 1262 761 quinqua·
1335 740 1340 761 ,

288 767 442 868 genium
472 763 575 864 inque
608 764 674 838 hali
702 765 865 862 quadrata
896 766 989 843 intus
1022 765 1259 868 labyrinthum

288 877 581 957 inextricabilem:
592 890 664 975 quo
678 875 702 949 fi
717 876 795 977 quis
815 878 1025 978 improperet
1044 879 1258 982 lineglome·

291 1016 330 1065 re
350 990 436 1095 lini,
450 988 581 1063 exitum
606 988 764 1062 invenire
784 1001 943 1088 nequeat.
1282 986 1287 997 '

338 1105 445 1199 Supra
472 1099 508 1177 id
532 1094 955 1201 quadratum'pyramides
978 1102 1066 1179 stant
1085 1105 1259 1207 quinque,
1312 1152 1321 1157 -

289 1235 441 1317 quatuor
460 1210 497 1283 in
518 1208 673 1308 angulis,
692 1209 731 1282 δι
756 1209 792 1282 in
806 1208 920 1285 medio
939 1236 1031 1285 una:
1052 1213 1087 1285 in
1114 1215 1186 1289 imo
1208 1217 1260 1291 la·

256 1345 258 1347 ’
290 1346 337 1431 tae
358 1324 483 1422 pedum
507 1318 859 1419 septuagensimum
883 1339 1019 1397 centum
1046 1324 1258 1426 quinquage-

287 1439 391 1515 nirm:
409 1435 455 1507 ita
471 1431 667 1531 fastigiatae,
683 1451 721 1505 ut
737 1431 773 1504 in
785 1432 938 1523 summo,
955 1433 1049 1507 orbis
1067 1461 1199 1529 aeneus,
1217 1440 1258 1515 δι

289 1547 422 1651 petasus
443 1570 529 1642 unua
557 1544 718 1619 omnibus
739 1542 778 1616 fir
791 1542 998 1644 impositus,
1019 1569 1063 1619 ex
1080 1570 1258 1644 quopen·

288 1646 390 1734 deant
417 1675 558 1750 excepta
593 1653 723 1727 catenis
751 1652 1006 1743 tintinnabula,
1037 1679 1114 1751 quae
1132 1674 1256 1730 vvento

286 1774 436 1873 agitata,
455 1767 558 1865 longe
581 1765 708 1840 sonitus
726 1766 898 1858 referant,
919 1786 958 1840 ut
982 1768 1148 1840 Dodonae
1170 1768 1256 1844 olim

283 1884 420 1957 fadum.
439 1879 544 1972 Supra
562 1900 664 1972 quem
684 1876 805 1946 orbem
819 1893 969 1970 quatuor
985 1877 1181 1973 pyramides
1198 1872 1255 1949 in·
1367 1892 1369 1901 ’

284 1993 385 2088 super
408 1986 543 2083 lingulae
561 1983 715 2073 exstant,
737 1980 814 2055 altat
834 1982 957 2078 pedum
977 1986 1179 2074 centenitm,
1200 1986 1255 2060 su·
1281 1988 1287 1995 ’

284 2124 346 2197 pra
374 2119 456 2192 quas
482 2117 554 2167 uno
581 2089 658 2164 solo
681 2087 847 2189 quinque.
873 2092 964 2165 Plin.
990 2095 1071 2166 Nat.
1094 2094 1255 2197 Histria.

284 2206 479 2296 XXXVI,
499 2230 569 2297 cap.
590 2228 635 2300 ¹9·

756 2315 777 2355 ¹}

262 2468 267 2489 ι
334 2408 399 2500 [ix
420 2420 506 2500 cinis
525 2420 573 2496 est
587 2421 668 2499 foci.
688 2421 772 2496 lnde
794 2419 885 2493 enim
902 2418 988 2495 cinis
1008 2420 1131 2498 luxatis
1151 2443 1253 2521 potut

283 2539 460 2624 medetur,
479 2553 517 2606 ut
540 2532 619 2607 licet
639 2532 758 2606 videre
782 2531 1013 2629 gladiatores,
1034 2558 1111 2608 cum
1125 2534 1253 2611 deluse-

285 2668 389 2740 runt,
400 2647 464 2721 hac
481 2643 593 2740 juvari
606 2642 764 2742 potione.
783 2644 867 2719 lbid.
883 2670 953 2736 cap.
973 2647 1027 2742 69.

758 2756 779 2794 ὕ

311 2870 419 2949 ,Duo
446 2865 520 2941 sunt
545 2889 666 2965 genera
694 2862 877 2963 agminum.
903 2862 1137 2958 Quadratum,
1155 2867 1251 2964 quod

280 2979 444 3059 immixtis
461 2977 748 3076 etiamjumentis
773 2974 923 3063 incedit,
947 2995 985 3048 ut
1008 2973 1122 3050 ubivis
1147 2979 1249 3074 poliit

280 3092 489 3168 confistere:
515 3089 655 3186 pilatum
682 3086 848 3172 alterum,
867 3083 965 3179 quod
991 3083 1061 3156 fine
1089 3083 1249 3179 jumentis
1383 3138 1384 3173 ;

281 3198 431 3291 incedit,
452 3196 508 3272 led
527 3200 615 3271 inter
634 3194 665 3267 se
685 3189 829 3266 divisum
850 3190 916 3283 est,
935 3200 1007 3292 quo
1029 3188 1160 3268 facilius
1187 3202 1248 3291 per
1381 3210 1383 3263 f

168 3393 175 3410 ¹
280 3308 454 3409 iniquiora
472 3311 552 3385 loca
565 3306 776 3384 tramittatur.
795 3307 888 3381 'Seru
1379 3378 1381 3461 β

363 3436 371 3444 ’
564 3418 565 3421 “
753 3418 774 3459 ὗ

331 3518 426 3614 Quia
446 3517 509 3592 Dii
527 3520 601 3595 veri
615 3547 724 3619 neque
745 3523 930 3597 desiderant
954 3546 993 3597 ea
1016 3462 1246 3624 (sacrificial

280 3656 395 3729 neque
418 3629 624 3728 deposcunt:
645 3659 687 3704 ex
720 3660 786 3707 aere
812 3654 923 3707 autem
953 3633 1032 3706 faui
1045 3689 1057 3723 ,
1077 3636 1158 3708 tella
1180 3661 1248 3736 gy·
1375 3638 1378 3799 Ι

280 3732 430 3843 plo,vel
442 3765 608 3812 marmore
623 3741 748 3832 multo,
760 3741 869 3815 minus
885 3741 958 3815 haec
973 3760 1113 3816 curant:
1131 3762 1247 3831 carent
1375 3802 1376 3813 ,

281 3852 375 3931 enim
393 3850 508 3929 sensu:
524 3875 634 3951 neque
655 3852 723 3927 ulla
744 3851 979 3942 contrahitur,
994 3852 1020 3927 sr
1038 3877 1078 3928 ea
1101 3879 1175 3928 non
1193 3852 1245 3931 fe·
