2834 4567
142 297 147 304 “
298 308 363 382 Du
385 305 564 380 umoun
592 305 954 385 maruntium.
1065 335 1115 408 47

156 468 339 568 Duplicata
358 467 509 557 scansio,
522 468 656 541 Gradus
668 467 811 559 dicitur,
824 471 921 568 quod
935 471 1061 571 geritur
1074 476 1117 548 ab

32 673 33 678 ἵ
156 580 317 655 inferiore
338 578 375 652 in
391 577 608 675 superiorem.
631 579 752 651 Graeca
770 577 864 666 sunt,
882 581 1115 657 Peristromata

155 696 193 768 δι
216 690 480 788 Peripe'tasmata.
503 688 549 763 fic
581 689 671 762 aliud
696 689 825 787 aliquid
852 690 932 765 item
957 694 1117 768 convivii

153 800 252 875 causa
274 799 335 873 ibi.
356 798 462 871 Multa
494 798 647 894 pecuniae
667 796 802 894 signatae
830 800 998 874 vocabula
1025 800 1121 875 sunt:

153 910 233 984 aeris
251 910 291 983 δι
306 906 432 1005 argenti
452 909 537 982 haec.
557 910 605 980 As
621 907 664 979 ab
677 931 752 980 aere.
765 909 976 1007 Dupondius
993 937 1012 985 a
1029 913 1120 985 duo·

151 1018 221 1102 bus
243 1016 467 1116 ponderibus,
483 1017 579 1116 quod
599 1041 703 1089 unum
716 1015 861 1114 'pondus
882 1019 1118 1117 Asiipondiutn

154 1126 338 1203 dicebatur.
349 1126 386 1199 id
398 1126 496 1216 ideo,
509 1127 603 1225 quod
615 1131 661 1201 As
673 1145 743 1200 erat
757 1126 852 1199 librae
862 1130 1008 1225 pondus.
1022 1129 1121 1203 dein·

153 1240 198 1312 de
213 1239 257 1312 ab
270 1264 414 1313 numero
431 1239 599 1338 reliquum
617 1239 742 1312 disium
757 1238 860 1338 usque
877 1241 918 1313 ad
933 1242 1122 1329 Centuffia,

153 1369 194 1425 ut
214 1374 252 1423 as
271 1348 429 1448 ungulari
449 1372 605 1424 numero.
627 1350 681 1422 Ab
698 1350 805 1423 tribus
827 1351 946 1423 affibus
969 1350 1120 1442 Trerus,

153 1461 193 1544 dt
212 1460 260 1533 sic
277 1459 505 1557 proportione
526 1458 630 1555 usque
649 1458 691 1531 ad
719 1459 900 1532 Nonuffis.¹
914 1461 952 1529 lu
975 1458 1119 1533 denario

152 1592 303 1641 numero
319 1570 388 1641 hoc
407 1584 515 1639 mutat
527 1594 537 1637 ε
551 1567 657 1661 ιῳιοά
676 1566 823 1662 primum
844 1565 918 1653 est,
936 1566 979 1638 ab
1003 1570 1120 1642 decem

152 1679 282 1752 assibus
299 1677 475 1752 Decuffist
493 1675 674 1747 secundum
690 1675 853 1748 aduobus
866 1676 1050 1751 decuffibus
1062 1681 1121 1750 Bi·

154 1790 276 1878 ceffis,
297 1787 394 1886 quod
413 1784 481 1858 diri
497 1785 605 1857 solum
622 1811 642 1859 a
662 1784 796 1862 duobus
815 1785 1000 1859 deeuffibus
1014 1788 1124 1861 Bices·

155 1899 209 1972 fit.
233 1895 379 1994 Reliqua
397 1895 631 1985 conveniunt,
651 1912 689 1967 ut
705 1893 861 1969 Triceffis
882 1918 901 1966 a
922 1893 1052 1987 tribus,
1078 1896 1124 1971 stc

156 2005 390 2106 proportione
415 2002 519 2103 usque
546 2004 589 2076 ad
610 2001 799 2091 Centuffis;
821 2028 893 2100 quo
920 2002 1029 2099 majus
1048 2006 1125 2081 aeris

160 2117 372 2190 vocabulum
391 2139 464 2189 non
484 2113 542 2188 est.
564 2116 651 2187 Nam
674 2111 814 2187 ducenti
838 2114 874 2185 in
895 2113 1124 2213 proportione

160 2251 242 2301 curn
261 2226 437 2315 dicuntur,
451 2248 523 2297 non
542 2224 646 2321 magis
666 2221 765 2314 asses,
779 2248 879 2320 quant
893 2224 1021 2297 denarii
1035 2224 1125 2298 aliae·

144 2353 208 2411 've
233 2360 285 2409 res
308 2333 546 2431 fignificanmr.
569 2334 658 2407 AEris
677 2331 817 2404 minima
844 2357 943 2429 pars,
959 2336 1125 2424 Sextula,
1239 2367 1245 2380 ·

32 2417 33 2458 i
163 2445 261 2543 quod
286 2443 379 2516 ⁴senta
408 2467 483 2538 pars
508 2442 629 2514 unciae.
654 2439 853 2533 Semunciat
871 2442 965 2537 quod
990 2442 1125 2515 dimidia

164 2578 242 2651 pars
262 2550 382 2626 unciae.
413 2553 454 2623 Se
476 2551 569 2623 valet
592 2547 788 2637 dimidium,
811 2568 848 2620 ut
869 2549 906 2620 in
933 2550 1057 2622 Selibta
1088 2553 1127 2626 dt

165 2661 339 2736 Semodio.
351 2659 464 2734 Uncia
477 2659 520 2731 ab
533 2659 619 2733 uno.
631 2662 772 2732 Sextans
791 2659 834 2733 ab
849 2684 913 2750 eo,
924 2662 1019 2757 quod
1035 2660 1127 2736 sexta

167 2797 244 2869 pata
257 2770 348 2846 asiis:
364 2771 448 2845 ficut
461 2768 660 2874 Quadranq,
674 2770 768 2865 quod
780 2789 917 2867 quarta3
932 2775 968 2845 δι
981 2771 1126 2863 Triens,

168 2882 268 2954 tertia
280 2906 366 2978 pars.
380 2880 545 2968 Semissrs,
561 2879 654 2977 quod
665 2879 789 2952 semiaes
799 2934 810 2969 ,
822 2879 858 2953 id
872 2881 938 2970 est,
950 2881 1127 2954 dimidium
1225 2925 1233 2946 r

169 2992 315 3080 affis‚ut
330 2992 425 3088 supra
442 2991 565 3064 dissum
588 2990 645 3063 esi.
663 2993 845 3089 Septunxa
867 2990 988 3086 septem
1003 2992 1040 3063 &
1058 3014 1128 3062 uu·

169 3101 223 3176 cia
245 3100 453 3176 conclusum.
473 3101 616 3197 Reliqua
637 3099 854 3185 obscuriora,
867 3100 962 3195 quod
981 3124 1000 3170 a
1019 3095 1128 3168 demi·

169 3209 333 3283 nutione:
347 3212 386 3284 &
397 3235 436 3283 ea
449 3264 459 3301 ,
473 3235 551 3307 quae
564 3201 826 3294 deminuuntur,
845 3207 892 3278 ira
910 3207 1003 3291 sunt,
1018 3225 1055 3277 ut
1069 3230 1129 3278 ex·

170 3338 292 3391 tremas
311 3317 628 3417 syllabaehabeaut.
642 3337 680 3389 ut
695 3342 714 3389 a
728 3315 908 3389 duodecim
929 3340 994 3386 una
1018 3316 1130 3389 demta

172 3427 291 3518 uncia,
301 3429 443 3502 Deunx.
456 3430 629 3518 Demus,
642 3428 757 3499 demto
772 3424 920 3498 sextante
933 3452 941 3498 τ
957 3427 1130 3516 Dodtans,

172 3537 288 3611 demto
302 3533 495 3635 quadrante.
508 3542 590 3627 Bes,
609 3556 647 3610 ut
666 3537 751 3610 olim
770 3537 848 3622 des,
864 3536 980 3610 demto
995 3539 1130 3610 triente.

172 3648 211 3718 ln
231 3666 371 3743 argento
386 3648 517 3724 nummi
535 3648 571 3718 id
587 3674 605 3719 a
630 3644 778 3719 Siculeis.
792 3645 951 3734 Denarii‚
966 3647 1059 3744 quod
1073 3643 1130 3715 de·
1181 3629 1186 3639 ⁸
1232 3633 1250 3656 ““

174 3753 333 3861 ποειπτίε
355 3757 522 3833 valebant.
544 3756 725 3850 Quinam,
741 3756 836 3854 quod
855 3756 990 3855 quinos.
1011 3752 1131 3836 Sester-⁴
