2834 4567
307 392 379 472 370
511 373 561 449 n.
586 360 808 447 renium
834 373 1068 450 vinnons

307 559 420 624 ntum,
435 531 476 606 ab
491 491 667 606 holninum
678 532 850 629 principio
864 536 906 607 ad
920 536 1159 636 cataclysmum
1173 540 1268 639 prio?
1334 510 1339 517 .

306 671 401 733 rem,
423 642 679 741 quodpropter
706 642 930 740 ignorantiam
953 648 1099 721 vocarit,
1124 651 1267 726 addon,

305 754 511 845 secundum,
537 779 556 824 a
581 751 790 850 cataclysmo
815 753 929 850 priore
955 756 997 828 ad
1021 760 1266 857 Olympiadem
1324 834 1327 841 ,

305 863 479 960 primam,
508 862 626 956 quod,
652 858 732 957 quia
754 859 788 931 in
811 884 856 933 eo
876 863 981 936 multa
1005 864 1155 940 fabulosa
1178 866 1268 943 refea
1398 936 1399 939 ,

306 990 454 1059 runtur,
477 970 662 1069 mythicon
692 970 918 1046 nominatur:
940 975 1097 1064 tertium,
1122 980 1269 1075 aprima

304 1082 513 1182 Olympiade
536 1084 578 1153 ad
598 1105 683 1169 nos,
701 1084 796 1179 quod
814 1084 937 1157 dicitnr
954 1087 1163 1179 historicon,
1189 1091 1267 1188 quia

305 1216 358 1265 tes
381 1192 416 1263 in
436 1214 479 1264 eo
500 1189 596 1288 gellae
618 1190 706 1263 veris
732 1191 879 1266 historiis
902 1193 1130 1271 eontinentur.
1146 1202 1260 1273 tuem:

353 1300 415 1372 His
430 1296 658 1393 temporibus,
671 1315 708 1369 ut
728 1301 859 1387 Varro,
873 1319 1035 1396 regnante
1054 1303 1271 1383 Athenium-t

302 1410 365 1483 bus
386 1409 545 1492 Cranao,
569 1403 753 1477 succellore
782 1408 967 1504 Cecropis,
989 1410 1156 1482 diluvium
1182 1411 1272 1504 fuit,

304 1517 398 1613 quod
417 1515 603 1611 appellatur
630 1516 873 1605 Deucalionis,
889 1541 934 1590 eo
953 1520 1047 1616 quod
1064 1517 1131 1614 ipse
1145 1540 1270 1617 tegna·
1398 1512 1399 1577 l

305 1625 363 1697 bat
384 1622 420 1696 in
440 1647 553 1694 earum
581 1641 744 1696 tertarum
768 1626 936 1720 partibus,
964 1627 1022 1699 ubi
1044 1626 1188 1699 maxime
1217 1627 1269 1700 fa·

303 1737 395 1809 &um
408 1733 466 1808 est.
481 1737 613 1835 August.
627 1742 663 1807 de
675 1740 811 1810 Ciuitate
824 1743 892 1810 Dei
910 1741 963 1811 tib.
980 1742 1122 1830 XVIII,
1136 1766 1205 1832 cap.
1217 1762 1268 1815 το.

591 1870 595 1881 .
612 1874 615 1885 .
634 1866 643 1887 ,-
776 1844 796 1884 θῖῐ
863 1856 867 1869 ·

341 1952 451 2020 Varro
463 1944 561 2032 dixit,
571 1946 607 2017 in
624 1944 757 2019 diluvio
769 1945 900 2042 aliquos
915 1948 1102 2045 confugisse
1114 1952 1149 2022 in
1165 1974 1271 2029 mon-1

174 2077 178 2087 ’
301 2077 352 2131 tes
374 2081 449 2135 cum
476 2055 690 2143 utensilibus,
719 2055 777 2150 qui
808 2055 901 2126 bello
926 2057 1039 2150 polleat
1062 2059 1196 2133 laceffiti
1222 2064 1268 2136 ab
1364 2132 1371 2147 f

300 2168 361 2252 iis,
377 2163 436 2260 qui
457 2162 498 2234 de
517 2161 590 2233 aliis
613 2162 795 2234 veniebant
818 2162 1011 2251 montibus,
1031 2163 1129 2241 facile
1144 2188 1188 2236 ex
1207 2167 1269 2249 lo·,·

298 2275 348 2349 cis
370 2270 593 2367 superioribus
609 2272 787 2346 vicerunt:
805 2272 1107 2364 undetfailummt
1120 2272 1182 2348 Dii
1206 2277 1268 2362 Iu·;
1352 2338 1355 2348 .

299 2380 449 2478 periotes
464 2379 675 2470 dicerentur,
689 2380 869 2453 Inferiores
885 2406 971 2456 vero
985 2383 1174 2481 tertigenae,
1187 2389 1263 2482 qui,
1285 2456 1289 2465 ,

296 2491 379 2589 quia
393 2514 435 2564 ex
459 2490 657 2564 humillimis
674 2491 715 2562 ad
738 2490 862 2564 summa
877 2492 1072 2586 reptabant,
1083 2492 1163 2569 dieti
1182 2493 1262 2571 sunt

299 2627 365 2699 pro
386 2600 526 2699 pedibus
548 2598 694 2674 habuiile
713 2598 891 2696 serpentes.
909 2607 997 2676 Serv.
1079 2648 1083 2657 ·

767 2712 787 2753 ne

347 2814 460 2884 Varro
471 2792 646 2882 Romanos
660 2834 678 2881 a
691 2809 815 2883 Latinis
836 2809 973 2883 nomina
986 2809 1145 2883 menfium
1159 2834 1261 2895 acce-¹,

248 3016 251 3019 Ι
297 2920 378 3019 piffe
390 2920 578 2993 arbitratur.
597 2922 760 2997 nunores
774 2946 894 2995 eorum
912 2920 1138 3018 antiquiores,
1157 2926 1261 3020 quam'

241 3018 245 3023 ,
297 3035 438 3122 urbem,
453 3030 569 3117 fuiile,
584 3030 658 3104 satis
685 3053 799 3129 argute
824 3032 934 3104 docet.
956 3036 1071 3127 ltaque
1094 3033 1258 3108 Martium

297 3143 443 3215 mensem
466 3168 486 3215 a
510 3143 619 3213 Marte
643 3142 778 3241 quidem
800 3139 1010 3227 nominatum
1032 3141 1158 3229 credit,
1179 3165 1256 3215 nou

297 3254 376 3349 quia
398 3252 537 3323 Romuli
563 3251 626 3323 fuit
661 3270 779 3348 pater,
816 3250 870 3321 sed
900 3251 993 3345 quod
1023 3276 1104 3350 gens
1134 3250 1254 3325 Larina

296 3359 469 3447 bellicosa:
487 3361 635 3456 Aprilem
659 3379 768 3431 autem
787 3374 859 3428 non
876 3340 917 3428 al>
930 3359 1111 3449 Ἀφροδίτῃ,
1132 3358 1254 3457 ἷεάᾗώ

233 3473 238 3484 ’
296 3471 501 3564 aperiendo,
521 3471 616 3565 quod
640 3492 722 3544 tunc
746 3469 825 3542 fere
844 3467 962 3542 cunila
985 3467 1186 3564 gignantur,
1211 3471 1253 3544 &

297 3576 465 3648 nascendo
479 3578 617 3649 claustra
633 3579 758 3673 aperiat
776 3596 912 3673 natuta3
922 3574 1049 3668 Maium
1072 3597 1157 3647 vero
1178 3600 1256 3649 non·

297 3683 537 3779 amajoribus,
562 3687 616 3758 sed
643 3713 661 3758 a
689 3685 778 3782 Maja
806 3709 930 3760 nomen
955 3682 1132 3779 accepiffe,
1155 3681 1252 3782 quod

296 3822 341 3875 eo
357 3796 467 3873 mense
487 3815 554 3871 ram
565 3798 704 3892 Romae,
720 3822 820 3898 quam
840 3816 938 3873 antea
953 3792 1096 3871 inlatio
1105 3846 1117 3889 ,
1133 3818 1186 3872 tes
1200 3791 1252 3876 di·,
