2834 4567
197 373 198 384 ι
319 365 384 440 ne
408 363 584 490 trucul
609 360 780 435 ututur
804 359 883 437 un.
914 310 957 439 u.
1060 375 1102 442 n

154 516 275 592 dicam.
300 536 338 590 ut
360 520 434 593 hare
458 517 555 590 'suntr
579 516 697 615 Legisti
722 543 884 611 currens,
900 520 1030 595 ludens.
1051 524 1109 597 De

153 630 249 726 queis
272 630 342 702 duo
367 627 549 727 predicere
574 629 688 718 volo,
713 647 838 728 quanta
863 628 903 702 lit
927 631 1108 706 multitudo

155 762 295 827 conum,
319 741 358 813 δι
381 763 460 834 que
478 737 540 810 tint
567 736 782 828 obscuriora,
804 753 905 835 quarn
926 739 1000 813 alia.
1022 743 1109 814 Cum
1232 803 1238 808 .
1300 751 1304 762 '

153 852 340 921 verborum
353 847 590 920 declinantium
602 870 722 945 genera
738 848 802 920 fint
810 866 977 946 quatuor:
990 875 1111 938 unum,

102 1035 111 1046 ⁸
145 958 250 1053 vquod
269 974 421 1051 tempora
439 953 665 1054 adsignificat,
686 979 796 1054 neque
819 957 919 1030 babet
941 958 1053 1046 casus,
1073 980 1111 1032 ut

152 1064 197 1136 ab
217 1063 320 1162 lego,
338 1064 437 1162 legis:
458 1062 615 1153 alterum,
636 1057 738 1159 quod
751 1062 844 1137 casus
868 1063 989 1153 babet,
1002 1087 1111 1162 neque

151 1188 306 1268 tempora
322 1168 543 1273 adsignificat,
559 1189 598 1246 ut
618 1171 659 1248 ab
674 1173 774 1272 lego,
787 1172 887 1249 ledio
898 1226 909 1264 ,
922 1174 960 1247 &
979 1172 1109 1247 ledor:

152 1281 311 1374 tertium,
329 1284 424 1381 quod
441 1283 542 1356 babet
556 1301 759 1380 utrumque,
775 1284 814 1356 δι
830 1283 983 1381 tempora
1001 1283 1039 1356 δι
1054 1307 1109 1362 ca·

151 1391 221 1484 lus,
244 1412 281 1466 ut
299 1395 342 1467 ab
360 1395 463 1493 lego,
486 1395 620 1491 legens,
638 1385 801 1497 ledurussr
816 1412 997 1494 quartum,
1013 1393 1108 1492 quod
1131 1411 1135 1418 ’

150 1520 306 1573 neutrum
329 1504 452 1594 habet,
472 1521 510 1575 ut
531 1503 573 1575 ab
592 1503 691 1601 lego,
712 1504 815 1595 leue,
831 1504 1022 1579 lediffirner
1044 1506 1110 1574 ho·

150 1630 226 1682 rum
243 1612 428 1684 verborum
441 1612 466 1684 li
481 1610 676 1710 primigenia
694 1610 772 1686 sunt
792 1613 834 1686 ad
849 1612 940 1685 mille
958 1610 1021 1712 (ut
1032 1616 1108 1685 Co·
1201 1667 1207 1682 ι

149 1717 291 1792 leonius
315 1719 453 1818 scribit)
475 1718 518 1793 ex
541 1743 660 1793 eorum
683 1720 965 1795 declinationibus
983 1723 1110 1795 verbo·

150 1851 228 1901 runt
249 1825 437 1922 dilcrimina
455 1827 640 1927 quingenta
658 1826 765 1902 millia
780 1827 844 1901 elle
860 1828 1015 1926 poliunt:
1033 1830 1111 1901 ideo

151 1937 231 2032 quia
251 1937 409 2036 finguleis
422 1936 555 2012 verbeis
576 1935 785 2036 primigeniis
799 1937 933 2011 circiter
946 1937 1111 2035 quingen·

152 2063 198 2119 tae
214 2045 338 2143 species
355 2044 637 2130 declinationibus
657 2044 755 2120 fiunt.
776 2045 977 2143 Primigenia
994 2045 1111 2121 dicun·

154 2171 209 2225 tur
227 2156 356 2245 verba,
375 2171 414 2227 ut
429 2154 526 2251 lego,
544 2154 675 2239 scribo,
698 2153 770 2245 llo,
789 2154 910 2258 sedeo3
926 2157 964 2230 δι
985 2176 1110 2248 cetera,

153 2288 231 2360 quae
247 2287 319 2337 non
335 2262 409 2337 sunt
422 2264 464 2340 ab
477 2263 593 2361 aliquo
609 2262 741 2356 verbo,
755 2266 811 2338 sed
823 2265 897 2340 suas
914 2267 1037 2340 habent
1056 2294 1109 2341 ra·

153 2370 257 2445 dices.
269 2372 421 2462 Contra,
433 2370 538 2447 verba
551 2372 717 2448 declinata
734 2373 829 2466 sunt,
843 2400 919 2471 que
934 2376 976 2449 ab
993 2376 1109 2473 aliquo

153 2477 333 2569 oriuntur,
354 2497 393 2552 ut
413 2481 456 2554 ab
478 2479 577 2576 lego,
601 2478 708 2578 legis,
732 2480 831 2579 legit,
850 2481 979 2576 legam,
1002 2484 1040 2553 dc
1065 2481 1110 2556 suc
1214 2533 1218 2538 -

152 2584 267 2661 itidem
281 2587 360 2661 hinc
375 2588 549 2684 permulta.
563 2587 715 2680 Quaresr
733 2587 808 2685 quis
829 2584 1108 2684 primigeniorum
1239 2682 1246 2690 ἱ

152 2696 336 2769 verborum
365 2697 513 2796 origines
542 2696 794 2783 ostenderit,fi
823 2722 862 2771 ea
890 2698 984 2771 mille
1011 2697 1109 2788 sunt,

153 2802 376 2902 quingentum
400 2807 543 2886 millium
564 2803 763 2902 fimplicium
787 2806 1108 2886 verborumcausas

154 2911 285 3004 aperuit
298 2937 375 2987 una.
389 2915 427 2985 ln
442 2912 562 2987 nulleis
576 2932 705 2999 tamen,
719 2910 778 3010 qui
791 2913 833 2983 ab
847 2912 895 2985 eis
906 2915 1034 3009 reliqua
1047 2938 1108 2987 or·

153 3034 190 3088 ta
213 3016 414 3110 ostenderit,
436 3018 512 3092 satis
536 3017 658 3092 dixerit
678 3020 721 3090 de
744 3019 874 3118 origine
898 3022 1107 3107 verborum3
1180 3043 1191 3076 ⁴

110 3149 113 3154 ’
152 3149 233 3200 curn
249 3127 335 3199 unde
353 3150 427 3202 nata
441 3129 504 3204 fint
524 3129 693 3226 principio
713 3150 806 3203 erant
821 3156 946 3227 patrea,
960 3155 1036 3229 quae
1054 3133 1108 3202 in·

152 3237 197 3308 de
217 3253 294 3309 nata
313 3237 405 3329 sunt,
420 3239 685 3320 innumerabilia.
701 3245 728 3313 A
746 3241 869 3337 quibus
884 3239 999 3312 iisdem
1013 3241 1107 3335 prin·
1198 3249 1220 3324 Q

135 3345 275 3443 cipis,
302 3349 517 3443 antepostteir
541 3348 741 3446 praeverbiis
766 3347 924 3445 pauceis‚
952 3347 1107 3423 immanis

153 3458 339 3532 verborum
354 3460 485 3533 accedit
498 3485 676 3549 numerus,
693 3460 789 3557 quod
805 3458 999 3556 praeverbiis
1011 3460 1106 3533 addi·

152 3568 235 3658 teis,
254 3587 356 3669 atque
378 3570 615 3644 commutareis
639 3569 730 3642 aliud
753 3587 853 3666 atque
872 3569 961 3641 aliud
985 3567 1032 3643 fir.
1056 3574 1107 3644 Ut

152 3678 241 3751 enirn
261 3678 352 3751 cellit
370 3699 471 3779 atque
491 3678 704 3769 receffit,·src
726 3681 856 3754 acceffit
878 3684 915 3755 δι
937 3679 1103 3753 abscedit:

152 3785 232 3866 item
254 3786 384 3861 inceffit
410 3791 448 3864 &
470 3787 626 3882 excellit,
649 3787 693 3878 stc
715 3788 881 3881 succeffit,
901 3790 939 3865 dc
960 3786 1104 3878 decedit,
