2834 4567
280 363 347 439 DE
370 363 551 437 ttNGtJA
575 359 747 468 timus
771 364 852 436 ΗΒ.
876 367 964 438 vut
1052 387 1125 467 ¹3¹¹

156 523 318 600 indicium
341 525 444 614 dent:
466 523 590 613 iidem,
612 547 656 597 ert
682 515 838 598 serritone
867 525 995 625 siquid
1018 532 1124 631 depe·

155 635 233 726 tiit,
246 660 318 708 nou
338 636 446 708 modo
464 633 549 706 nihil
567 634 767 729 impendunt
779 689 791 725 ‚
803 654 843 710 ut
861 638 1054 733 requirant,
1067 642 1124 717 sed
1152 653 1171 724 ,'

130 795 133 799 ι
157 743 257 818 etiam
273 763 395 819 contra
412 743 540 818 indices
555 762 763 840 repugnant,
779 768 821 816 ne
836 744 1031 820 restituatur
1044 775 1126 823 vers

158 856 239 929 bum
259 880 394 930 novum
421 857 458 929 δι
480 853 615 927 ratione
640 853 889 945 introdustum,
911 881 986 954 quo
1013 860 1128 935 minus

158 985 198 1038 ut
214 964 442 1060 recipiamus,
459 962 566 1037 vitare
584 988 657 1035 non
678 964 849 1038 debemus.
864 967 952 1039 Nam
969 970 1011 1042 ad
1032 971 1130 1045 usum

158 1074 197 1146 in
211 1073 454 1162 vestimenteis,
472 1069 644 1161 adificiis,
656 1071 871 1167 supellediili,
888 1076 1036 1152 novitati
1053 1105 1129 1153 non

160 1181 304 1278 impedit
325 1197 422 1258 vetus
443 1181 665 1256 consuetudo.
689 1183 806 1274 Quem
832 1182 926 1256 enim
949 1171 1048 1262 amor
1070 1191 1134 1263 ad·

162 1294 344 1369 suetudinis
371 1294 487 1392 potius
512 1294 547 1367 in
572 1293 715 1391 panneis
739 1294 956 1390 possessorem
980 1299 1130 1390 retinet,

162 1433 262 1505 quam
286 1409 329 1482 ad
347 1433 442 1482 nova
461 1406 660 1481 vestimenta
683 1407 851 1481 traducit?
874 1412 929 1481 An
952 1435 1024 1484 non
1041 1411 1129 1510 saepe

164 1537 294 1595 veteres
313 1519 403 1617 seges
424 1519 594 1616 abrogata
614 1517 739 1592 noveis
761 1520 911 1593 cedunt?
937 1547 1054 1595 nonne
1077 1524 1131 1597 in·

163 1625 309 1700 usitateis
322 1625 462 1699 formeis
482 1622 877 1696 uasorum'recentibusa
894 1628 1028 1701 Gracia
1041 1631 1133 1703 adla-

161 1736 208 1808 tis
222 1734 411 1807 obliteratae
424 1732 572 1828 antiquae
585 1728 838 1804 consuetudinis
851 1733 1001 1807 sinotum
1016 1740 1054 1811 δι
1072 1764 1133 1811 ca·
1239 1741 1246 1752 '

164 1845 320 1942 pidatum
343 1840 492 1940 species?
514 1840 594 1922 Heis
613 1839 753 1914 formeis
772 1843 1025 1916 vocabusotum
1049 1872 1135 1919 con·

166 1954 321 2029 taminati
345 1954 397 2026 uti
423 1951 680 2049 nollent,‘quae
704 1953 859 2026 docuerit
878 1953 966 2027 ratio
993 1979 1135 2053 propter

169 2063 448 2137 consuetudinem
464 2081 614 2137 veterem
624 2062 640 2135 i
652 2062 695 2133 Et
712 2062 841 2136 tantum
857 2063 946 2137 inter
959 2069 1044 2141 duos
1060 2069 1136 2141 sen-

168 2174 391 2273 susinteresse
410 2175 560 2263 volunt,
577 2189 616 2246 ut
638 2173 768 2247 eculeis
785 2174 913 2272 semper
939 2177 1069 2277 aliquas
1091 2179 1136 2253 fi·

169 2311 268 2384 guras
291 2284 502 2382 supelleuitis
524 2308 635 2356 nouas
670 2285 901 2381 conquirant,
922 2308 1042 2362 contra
1072 2315 1135 2363 au·

170 2398 240 2471 reis
259 2415 415 2492 expertes
434 2396 543 2468 velint
562 2395 651 2468 esse?
666 2398 803 2489 Quotus
817 2398 957 2495 quisque
980 2401 1045 2493 jam
1069 2403 1139 2475 ser·

172 2530 241 2582 vos
265 2506 367 2579 habet
392 2505 528 2602 prisceis
551 2504 774 2577 nominibus?
795 2529 871 2602 quae
897 2507 1017 2580 mulier
1042 2507 1140 2583 suum

173 2617 431 2692 instrumentum
456 2637 556 2712 atque
578 2615 774 2718 vasatum,
796 2616 968 2690 veteribus
990 2621 1142 2692 vocabu·

173 2728 233 2802 leis
248 2727 420 2825 appellati
437 2725 602 2800 tndueteis
619 2749 691 2798 non
711 2745 776 2798 tam
798 2726 1023 2818 irascendum,
1038 2754 1141 2827 quam

176 2838 313 2936 hujusce
334 2836 515 2934 pravitatis
536 2837 717 2935 patroneis.
739 2837 774 2910 si
791 2838 882 2910 enim
901 2837 1142 2938 usquequaque
1193 2922 1196 2928 Ι

173 2972 248 3024 non
265 2949 342 3022 esset
358 2947 532 3044 analogia,
550 2967 622 3048 tum
641 2946 864 3045 sequebatur,
885 2967 922 3020 ut
945 2949 981 3019 in
1006 2949 1145 3021 verbeis

177 3081 317 3154 quoque
335 3083 405 3130 non
424 3059 523 3146 essen
544 3082 615 3131 non
636 3082 715 3131 cum
733 3058 812 3132 esset
829 3057 1070 3155 usquequaque
1085 3057 1143 3152 (tit

174 3165 244 3268 esi)
262 3191 335 3240 non
355 3168 418 3241 effe
437 3171 473 3240 in
488 3169 639 3243 verbeis.
657 3171 747 3263 Quae
765 3168 857 3240 enim
879 3166 926 3240 est
947 3191 1022 3262 pars
1040 3194 1145 3240 mun·

177 3280 233 3371 di,
255 3304 335 3378 quae
349 3303 428 3365 ,non
447 3280 708 3356 innumerabiles
723 3279 842 3350 habeat
855 3273 1050 3374 analogias?
1066 3279 1146 3352 Ca·
1188 3271 1192 3277 ¹

177 3388 269 3478 lum,
290 3414 335 3461 an
361 3413 474 3479 mare,
487 3416 528 3462 an
553 3409 661 3480 terra,
682 3413 726 3462 an
748 3412 827 3475 aer,
851 3389 1041 3478 decerem,
1066 3414 1145 3487 quae

179 3497 313 3571 suntin
338 3497 435 3571 heis?
461 3525 578 3574 nonne
601 3500 638 3573 in
664 3498 768 3589 caeso,
791 3517 827 3570 ut
849 3500 892 3570 ab
915 3498 1145 3596 aequinostiaIi

181 3606 312 3682 circulo
326 3610 368 3682 ad
382 3608 608 3701 solstitialem,
625 3613 669 3686 dt
681 3610 763 3682 hinc
779 3608 821 3680 ad
841 3606 1148 3703 septemtrionalem

182 3718 357 3814 divisum?
370 3721 416 3795 sic
436 3743 558 3796 contra
573 3722 706 3818 paribus
721 3721 872 3817 partibus
890 3720 971 3792 item
990 3743 1009 3792 a
1030 3723 1150 3792 bruma

183 3828 321 3910 versum
339 3813 512 3911 sontiaria
525 3830 643 3933 parte?
658 3856 733 3911 non
742 3884 757 3925 ,
770 3848 932 4015 quantulus
946 3828 1033 3923 polo
1048 3826 1149 3929 super

931 3964 951 4014 2
