2834 4567
300 341 365 418 ui:
390 343 567 415 trucul
591 337 764 416 uaruu
788 339 867 416 uu.
894 340 941 415 ν.ἱ
1049 342 1095 444 65

144 525 236 594 rum,
253 505 292 578 &
318 528 371 579 res
390 502 527 577 Fatales.
554 505 608 576 Ad
627 503 700 576 baec
727 503 867 577 eandem
890 530 1012 580 vocem
1037 507 1098 605 qui

144 615 245 710 facile
261 614 395 702 fantur,
420 613 566 686 Facundi
586 613 683 686 diui:
712 614 774 710 qui
797 615 909 688 futura
939 617 1100 711 predivi-

147 726 260 799 murlo
284 724 394 797 solent
410 721 490 811 fari,
513 722 650 816 fatidici
672 722 761 798 dicii.
774 724 879 824 iidem
895 724 1101 813 Vaticinari;
1171 759 1176 774 u

146 836 243 934 quod
261 833 383 906 vesana
397 851 509 906 urente
530 830 669 907 faciunt.
683 821 747 906 Sed
766 827 808 907 <le
828 833 896 910 hbe
910 833 1025 931 postea
1039 836 1103 909 erit

143 942 392 1038 usurpandum,
415 963 494 1015 cum
512 941 554 1012 de
576 940 704 1034 poereis
729 939 886 1014 dicemus.
911 942 999 1016 Hinc
1018 944 1103 1020 Fasti

145 1052 239 1139 dies,
253 1050 374 1147 quibus
386 1069 478 1124 certa
493 1048 596 1120 verba
611 1047 757 1145 legitima
773 1047 841 1122 sine
859 1049 997 1146 piaculo
1014 1080 1105 1150 prae·

56 1185 58 1189 ’
146 1161 281 1234 roribus
303 1160 382 1234 licet
406 1159 478 1233 fari.
500 1159 554 1231 Ab
576 1159 644 1233 huc
669 1158 814 1246 Nefasti,
837 1162 960 1257 quibus
984 1163 1103 1239 diebus

146 1292 187 1342 ea
208 1266 268 1341 fari
289 1265 341 1361 jus
358 1292 429 1340 non
450 1265 513 1340 cll:
533 1268 592 1356 δι,
617 1266 720 1340 filati
746 1269 839 1360 sunt,
859 1270 1029 1367 piaculum
1050 1272 1104 1347 fa·

148 1377 256 1452 ciunt.
268 1378 359 1451 Hinc
369 1376 465 1452 effata
479 1376 656 1465 dicuntur,
669 1378 764 1474 quod
777 1404 918 1476 augures
930 1379 1031 1455 finem
1045 1409 1105 1458 au·

149 1485 333 1582 spiciorum
355 1485 536 1561 caelestium
556 1504 652 1558 extra
670 1486 789 1559 urbem
809 1490 915 1585 agreis
936 1488 1012 1564 sunt
1026 1492 1106 1567 effa·
1169 1488 1172 1497 ’

85 1627 91 1637 ’
148 1597 184 1668 li.
200 1589 280 1668 hinc
292 1593 386 1668 effari
404 1596 528 1688 templa
543 1593 700 1666 dicuntur
721 1595 763 1665 ab
784 1599 987 1692 auguribus:
1008 1600 1105 1684 adsa-

144 1723 228 1790 rus,
245 1702 306 1799 qui
327 1704 364 1774 in
380 1701 453 1773 heis
474 1699 559 1772 fines
580 1698 666 1772 lunt.
685 1700 775 1794 Hinc
796 1706 884 1773 Fana
910 1707 1106 1798 nominata,

148 1807 248 1905 quod
272 1803 451 1903 pontifices
472 1802 679 1878 insacrando
700 1804 762 1877 fati
788 1806 864 1879 suut
889 1807 1001 1882 linem.
1025 1813 1107 1889 hific

150 1918 335 1994 Profanum
349 1917 415 2006 est,
428 1918 522 2017 quod
534 1938 612 1993 ante
627 1918 765 2010 fanum,
780 1919 872 1994 idest
886 1923 1107 2020 conjuniiunr

149 2027 253 2106 fano:
274 2028 357 2110 biuc
382 2024 618 2115 Profauarum‚
638 2030 735 2126 quod
757 2028 794 2099 iu
821 2028 966 2106 sacrario
990 2034 1108 2131 pollu-

152 2137 236 2213 lunl.
260 2141 371 2234 Atque
392 2136 471 2208 inde
494 2136 631 2211 Herculi
655 2138 891 2212 decuma'dara
911 2140 954 2212 ab
974 2166 1019 2214 eo
1038 2143 1107 2236 est,

151 2251 248 2347 quod
261 2247 423 2324 sacrificio
440 2250 589 2346 quodam
609 2251 770 2340 Functus,
782 2249 817 2321 id
833 2237 900 2340 ell,
917 2267 957 2325 ut
974 2251 1043 2326 fani
1056 2256 1108 2328 le·

152 2385 195 2459 ge
217 2359 276 2449 lit,
298 2359 332 2432 id
356 2359 490 2433 dicitur.
510 2357 705 2447 Polluturn,
727 2360 823 2453 quod
845 2384 865 2431 a
889 2361 1109 2456 porriciendo

153 2471 203 2548 est
216 2468 344 2544 uelum.
360 2473 447 2544 Cum
469 2471 558 2543 enim
581 2493 626 2542 ex
646 2469 814 2543 mercibus
833 2468 1012 2543 libamenta
1029 2496 1110 2566 por·
1246 2521 1247 2524 =

154 2580 249 2655 resta
268 2579 343 2652 sunt
365 2579 504 2654 Herculi
529 2579 565 2650 in
591 2603 667 2667 ara,
691 2596 764 2650 tum
790 2577 957 2675 pollutum
982 2577 1046 2653 eli:
1070 2577 1111 2670 rit

154 2716 234 2765 cum
255 2689 440 2764 Profarruru
465 2688 604 2776 dicitur,
626 2690 662 2762 id
684 2688 731 2762 est
753 2687 897 2784 proinde
915 2708 957 2764 ut
980 2689 1019 2763 srt
1040 2690 1117 2768 fani*

153 2800 287 2875 sallum.
306 2804 421 2895 ltaque
440 2798 498 2870 ubi
519 2796 602 2871 olim
626 2794 708 2870 fano
728 2796 1112 2874 consumebaturomne

156 2909 253 3004 quod
266 2905 445 3002 profanum
465 2924 557 2994 erat,
572 2925 609 2977 ut
620 2906 719 2979 etiam
736 2904 791 2979 fit:
805 2908 900 3004 quod
915 2931 1041 3001 praeror
1053 2935 1112 2980 ur·
1194 2955 1196 2960 κ

155 3017 264 3090 banus
281 3013 481 3112 quorauueis
494 3012 597 3102 facit,
617 3038 694 3087 cum
715 3013 853 3088 Herculi
875 3014 1029 3092 immolat
1047 3040 1115 3111 pu·

154 3123 247 3199 blice
270 3122 458 3218 juvencam.
485 3124 540 3196 Ab
559 3099 679 3197 eoilem
708 3126 816 3209 verbo
845 3126 925 3214 fari,
957 3125 1114 3210 Fabulae,
1184 3131 1195 3206 ’,
1262 3147 1265 3156 ·

155 3250 198 3306 ut
223 3232 397 3328 rragoediae
423 3233 461 3305 δι
482 3232 687 3319 comoediae,
712 3233 817 3306 diue.
839 3232 927 3304 Hinc
948 3231 1050 3320 Falli,
1075 3234 1115 3306 &
1251 3273 1254 3277 ·

156 3339 330 3429 Confeffi,
344 3339 404 3438 qui
419 3338 477 3412 fari
498 3341 533 3414 id
550 3342 645 3437 quod
660 3339 703 3412 ab
721 3340 792 3413 heis
815 3339 1012 3440 quautam,
1025 3341 1115 3416 Hinc

148 3421 413 3537 ‘Profeffi3'hinc
430 3451 548 3535 Fama,
570 3452 609 3524 δι
628 3449 767 3522 Famosr.
789 3448 843 3520 Ab
867 3447 987 3526 eodem
1011 3445 1115 3542 Falli,
1184 3423 1189 3434 Ι
1333 3431 1372 3494 .'

128 3599 131 3602 v
157 3556 313 3649 Falsum,
337 3562 375 3633 δι
393 3556 552 3632 Fallaciar
571 3576 849 3655 quaepropterea
860 3608 873 3644 ,
890 3556 986 3653 quod
1010 3557 1116 3629 fando
1176 3555 1187 3570 ⁸

158 3690 260 3763 quem
286 3666 431 3762 decipit,
452 3690 492 3740 ac
514 3683 634 3739 contra
660 3689 761 3763 quam
786 3664 891 3753 dixit,
913 3663 1025 3738 faciat.
1048 3672 1117 3736 lra-

159 3799 226 3873 que
246 3774 270 3848 su
289 3774 367 3872 quis
386 3798 424 3847 re
447 3773 553 3869 fallit,
574 3774 611 3848 iu
631 3774 701 3850 hoc
721 3797 793 3846 nou
816 3770 958 3880 proprio
974 3770 1135 3844 nomine·
1204 3871 1208 3877 ῃ

234 3888 285 3958 M.
310 3881 349 3959 T.
374 3881 488 3958 Varro.
872 3879 901 3952 E
