2834 4567
312 361 377 438 Da
399 359 576 436 trucul
600 360 771 436 ιΑΤιιιι
795 361 874 437 ua.
898 364 955 436 tv.
1062 391 1110 464 39

150 525 290 604 oleatiae
313 544 494 601 vocantur.
516 525 680 621 Trapetes
699 549 721 597 a
746 522 907 611 terendo,
929 521 989 595 nist
1011 525 1109 596 Gre-

152 660 240 710 eum.
256 635 361 709 Molae
378 659 398 706 a
412 633 596 707 molendo:
610 632 726 706 harum
744 631 833 703 euim
853 650 950 703 motu
963 656 1006 714 eo
1024 655 1110 709 uon·

71 779 75 784 ·
149 741 235 839 jetta
251 742 450 817 moliuntur.
465 740 601 817 Vallum
613 766 633 813 a
647 738 789 832 uplatu,
806 737 992 835 quodcum
1010 737 1044 809 id
1058 738 1109 832 ja·

149 854 264 939 dant,
279 850 402 924 volant
413 848 489 922 inde
501 848 601 922 levia.
613 846 847 920 ventilabrum
858 899 868 934 ,
879 870 953 942 quo
964 844 1109 918 ventila·

149 976 210 1030 tur
229 957 265 1029 in
277 981 353 1031 aere
370 957 588 1033 frumentum.¹
603 957 738 1049 Quibus
761 973 1017 1050 comportantur
1036 952 1110 1026 fru-

150 1066 226 1140 stus
242 1092 281 1141 ac
303 1068 489 1142 necessarie
502 1092 574 1156 res,
592 1068 633 1141 de
650 1065 690 1139 iis
708 1065 836 1139 Fiscina
860 1093 878 1137 a
896 1064 1035 1158 ferendp
1055 1061 1111 1135 di·

149 1179 215 1252 fla.
234 1180 363 1268 Corbes
384 1181 500 1270 abeo,
520 1175 614 1276 quod
640 1178 743 1274 spicas
756 1177 898 1268 aliudue
914 1176 996 1274 quid
1021 1200 1109 1249 con·

53 1297 57 1316 '
148 1286 304 1361 ruebant.
316 1289 405 1364 Hinc
421 1289 568 1362 minores
578 1287 729 1363 corbulae
743 1288 849 1361 diue.
864 1288 919 1359 De
931 1284 1109 1380 heis,quae

147 1397 302 1494 jumenta
329 1400 470 1476 ducunt.
483 1402 629 1499 Tragula
646 1402 687 1474 ab
704 1424 768 1490 eo,
782 1399 875 1497 quod
889 1397 1030 1469 trahitur
1050 1417 1109 1490 per
1220 1413 1222 1418 ·

149 1508 285 1579 terram.
299 1506 435 1604 Si'rpea,
448 1535 522 1605 quae
539 1508 662 1606 virgeis
676 1507 833 1603 limatur,
842 1507 877 1578 id
887 1508 933 1578 ell
944 1506 1108 1602 colligan-

149 1613 200 1684 do
219 1613 433 1707 implicatur,
449 1617 485 1687 in
508 1641 574 1712 qua
593 1615 717 1687 stercus
732 1615 869 1688 aliudve
893 1613 975 1710 quid
990 1609 1109 1685 evehi·
1183 1659 1186 1668 ι

147 1741 221 1797 tur.
241 1722 466 1810 Vehiculum,
480 1724 516 1795 in
533 1748 603 1818 quo
618 1723 695 1794 faba
708 1726 845 1798 aliudve
858 1726 938 1818 quid
954 1724 1108 1810 vehitur,

147 1857 228 1930 quo
250 1857 299 1904 ex*
315 1832 496 1912 viminibus
511 1851 702 1921 uterentur,
722 1836 760 1908 δι
779 1834 873 1929 quod
888 1855 931 1904 eo
956 1831 1109 1913 vehitur3
1150 1837 1161 1848 “

149 1942 267 2017 brevis
281 1943 367 2016 velta
379 1942 585 2016 Vehiculum
597 1929 720 2020 diuum
734 1943 788 2015 ell.
801 1943 853 2015 Ab
864 1941 936 2014 aliis
948 1940 1047 2013 etiam
1060 1939 1111 2013 di·

150 2054 406 2140 flumdrcera,
425 2079 503 2151 quae
521 2054 618 2126 etiam
637 2051 674 2126 in
693 2051 874 2126 duodecim
891 2050 1031 2124 tabuleis
1049 2075 1111 2145 ap·

151 2162 306 2257 pellatur.
326 2163 421 2260 quod
440 2170 486 2235 ex'
506 2162 647 2237 tabuleis
671 2162 867 2237 vehiculum
891 2179 963 2234 erat
986 2159 1109 2233 fretum

152 2289 191 2344 ut
202 2296 292 2356 arca,
301 2277 423 2364 Arcera
436 2271 572 2345 diuum.
582 2272 765 2344 Plaustrum
781 2272 897 2358 abeo,
914 2270 1007 2366 quod
1022 2293 1108 2360 non,

154 2380 247 2453 utin
267 2381 357 2472 heis,
374 2407 449 2478 quae
469 2381 566 2478 supra
584 2382 675 2469 dixi,
689 2381 743 2454 led
763 2405 805 2453 ex
818 2379 913 2451 omni
926 2398 1027 2473 ‚parte
1047 2405 1109 2473 pa·

153 2488 223 2561 lam
237 2488 292 2563 est.
305 2514 380 2588 quae
392 2490 428 2564 in
444 2515 488 2564 eo
502 2490 691 2579 vehuntur,
706 2490 801 2587 quod
818 2487 1010 2583 perlucent,
1025 2485 1119 2581 lupi·'

154 2601 233 2689 des,
246 2601 383 2691 afferes,
395 2602 537 2700 tignum.
548 2601 702 2706 ¹AEdilicia
719 2599 891 2674 nominata
909 2623 928 2670 a
944 2615 1055 2692 parte,
1069 2614 1109 2670 ut

153 2711 282 2784 multa:
303 2711 346 2784 ab
367 2713 516 2801 aedibus,
536 2716 575 2785 &
597 2710 764 2785 faciendo.
786 2708 976 2783 Maximum
999 2705 1108 2779 aedifi·
1203 2711 1207 2725 '

155 2816 245 2890 cium
270 2818 316 2892 ell
332 2819 506 2915 Oppidum
526 2820 568 2891 ab
587 2842 654 2914 ope
674 2819 817 2904 dillum3
839 2817 935 2915 quod
957 2816 1109 2890 munitur

155 2927 233 3022 upis
250 2922 364 3018 causa,
377 2926 436 3000 ubi
449 2927 532 3012 lint;
547 2931 586 3003 δι
604 2929 699 3025 quod
713 2953 799 3025 opus
812 2929 858 3002 est
874 2929 916 3000 ad
929 2926 1032 3023 vitam
1054 2951 1109 3024 ge·

156 3034 314 3126 rendam,
326 3039 385 3111 ubi
400 3037 550 3112 habitent
570 3058 662 3124 tut0;
677 3037 735 3113 vel
750 3041 898 3137 oppida,
911 3040 1008 3137 quod
1023 3060 1111 3132 ope·

155 3167 195 3215 re
221 3144 394 3217 munibant
417 3145 562 3236 moenia,
584 3171 655 3245 quo
676 3148 839 3223 munitius
863 3147 977 3223 effem,
1002 3144 1112 3239 Quod

155 3253 418 3351 exaggerabant,
430 3261 577 3355 Aggeres
591 3258 691 3346 dieti,
705 3262 743 3334 δι
753 3260 847 3356 quod
859 3280 1011 3354 aggerem
1025 3279 1112 3330 con·

157 3360 280 3434 tineret
296 3387 432 3454 murus,
448 3366 542 3463 quod
556 3366 728 3440 muniendi
743 3368 839 3441 causa
853 3389 954 3439 manu
974 3365 1113 3461 paraba-

158 3483 234 3560 tur,'
248 3496 320 3569 quo
334 3471 501 3568 sepiebant
518 3476 704 3572 oppidum
721 3499 821 3574 equo
830 3497 967 3550 munere
982 3478 1112 3551 Murus.

158 3578 238 3670 Ejus
257 3579 401 3670 summa,
421 3582 555 3671 Pinne.
571 3585 613 3656 ab
632 3583 704 3657 heis
723 3609 802 3681 quas
826 3584 972 3683 infigniti
990 3586 1113 3661 milites

158 3689 281 3762 habete
294 3690 329 3763 in
341 3692 462 3790 galeeis
478 3692 606 3785 lolem,
624 3695 662 3767 δι
675 3692 711 3765 in
728 3693 968 3791 gladiatoribus
980 3692 1113 3768 Samni·

23 3801 24 3812 ’
157 3814 218 3877 tes.
241 3800 367 3877 Turres
391 3827 411 3877 e
433 3801 585 3916 turreis,
608 3802 705 3901 quod
727 3804 778 3878 hae
802 3803 1014 3902 prospiciunt
1035 3817 1115 3880 aute
1198 3819 1201 3832 ¹

535 3931 540 3940 .
828 3914 908 4006 04
