2834 4567
366 372 439 447 ΙΝ
488 370 792 466 LIBRUM
839 370 908 444 Vl.
1063 374 1126 449 161
1249 403 1251 410 ·

163 537 201 599 ab
223 555 258 599 eo
271 536 413 598 dicuntur:
429 534 575 595 Plutarcho
592 531 715 598 carubio
732 580 744 610 ,
761 549 872 616 propter
891 532 1054 617 quadratam
1078 537 1130 597 dc·

165 620 349 702 scriptionem.
380 620 513 694 Senum.
537 616 616 678 lcletn
636 619 663 677 in
686 618 826 699 margine:
858 618 975 697 Quaqua
996 618 1130 680 latuerant

165 703 244 761 ocuti.

207 783 254 842 lin.
275 780 312 844 18
327 780 366 861 sq.
386 781 421 840 ld
437 783 471 864 esi
488 785 542 861 (tte
557 779 599 839 at't
622 778 738 840 Nauius
755 779 784 837 t‘n
798 779 1005 861 Hemfirlraert'o)
1022 779 1066 840 ubi
1082 798 1132 841 tet.

167 884 199 922 ra
217 862 312 923 curule
329 865 430 945 septum
449 859 536 943 siat]
563 858 602 920 Le
622 861 770 940 0:1desl,
789 862 873 921 utait
893 864 1027 938 Nauius,
1049 862 1131 934 lerni-

161 944 321 1024 sphaetlunt,
346 946 390 1002 ubi
410 945 509 1001 concha
530 880 627 1004 cotug
642 944 744 1038 septqtnt
753 946 818 1024 slat.
838 941 892 1003 ffic
905 942 1042 1025 eleganter
1061 957 1130 1003 con·

166 1046 239 1084 cava
257 1027 316 1084 caeli
330 1026 490 1085 convexitas
508 1045 586 1085 more
600 1026 753 1105 tegumenti
774 1025 803 1085 8(
817 1024 933 1085 conchae
951 1045 1130 1086 concamera-

165 1105 242 1168 ta&
258 1123 372 1166 curvata
392 1105 556 1188 intelligitur.
576 1103 611 1165 Et
627 1106 691 1186 quia
709 1103 745 1163 ad
765 1104 864 1165 caelum
883 1107 1016 1187 pertinet,
1035 1105 1132 1168 Caele-

166 1186 214 1245 stis
231 1185 294 1247 Dea
308 1186 525 1262 aTettulliano,
541 1185 704 1270 Spartiano,
719 1187 779 1246 aliis
798 1206 968 1259 memorata,
982 1208 1052 1262 nec,
1067 1207 1131 1269 quae

165 1267 218 1339 stt,
234 1268 404 1352 intelligitur:
422 1267 514 1329 dicam
536 1272 581 1330 hic
603 1267 711 1342 obiter,
736 1269 869 1329 Uraniam
892 1268 956 1330 elle.
980 1267 1057 1340 Dio,
1076 1267 1136 1350 rit,

168 1343 305 1432 Οὐρανίαν
321 1348 372 1412 tiit
388 1346 444 1411 ruit
460 1349 662 1432 Kupptntlttlut
681 1347 849 1428 ἐπελέξατο.
875 1349 1029 1413 TURNEB.
1045 1347 1133 1411 Tem·

167 1431 243 1513 plum
260 1429 341 1506 Jovis
356 1432 523 1493 altitonantis
542 1435 733 1513 interpretatur
755 1452 789 1490 ex
804 1433 899 1491 verbis
918 1429 1029 1508 Naevii,
1046 1433 1133 1493 berni·

167 1512 316 1591 sphaerium
337 1512 478 1594 superius,
496 1513 544 1571 ubi
563 1512 647 1572 aether
669 1509 844 1589 conspicitur.
862 1509 946 1573 Plane
961 1535 994 1574 ett
1011 1512 1133 1597 vestigiis

167 1610 295 1653 veterum
312 1592 474 1652 excusorum
492 1593 517 1651 le
537 1593 655 1661 endum,
674 1593 719 1648 ubi
745 1592 826 1652 aetltm
839 1592 933 1651 catula
946 1593 1047 1671 septum
1057 1597 1131 1675 slat:

168 1673 331 1755 videturque
344 1674 397 1733 elle
414 1671 509 1732 versus
559 1673 620 1732 aevii
634 1667 669 1730 ad
689 1671 762 1730 hunc
780 1671 897 1732 modum
913 1675 1132 1750 concinnandas,

213 1758 276 1814 Huc
290 1753 336 1812 ubi
353 1755 434 1814 ntlra
452 1755 544 1813 contla
558 1755 660 1833 septum
675 1754 725 1830 slat
739 1752 947 1832 hemispherium.
1052 1763 1057 1776 '

167 1833 232 1913 Qui
258 1850 374 1916 putant,
388 1835 431 1893 hic
444 1835 583 1893 =Ntevium
607 1832 685 1893 citari
706 1834 737 1891 in
755 1831 858 1893 Hemil
874 1832 977 1904 hano,
1002 1853 1134 1916 tanquam

167 1917 248 1977 luerit
266 1915 331 1976 illud
344 1936 445 1997 poema
461 1913 571 1986 Naevii,
585 1925 642 1973 non
659 1914 832 1975 mediocriter
848 1856 982 1978 lblluntur.
1000 1914 1135 1979 Senum.

211 1998 258 2059 lin.
272 2018 310 2071 24
322 1997 360 2079 lq.
376 1995 634 2079 concipituruethet‘s
651 2017 704 2054 nun
721 1997 811 2077 iisdem
828 1999 1014 2079 usquequaque.
1030 1997 1063 2056 Iu
1075 2019 1135 2059 arce

165 2082 245 2153 item,
262 2081 384 2159 Tesiaque
400 2097 468 2137 meta
482 2078 565 2158 sunto
581 2077 658 2157 buc]
670 2075 762 2137 Locus
771 2077 927 2141 mendosus.
937 2081 1136 2144 AUGUSTIN.

166 2160 200 2222 ln
225 2161 339 2233 verbis,
365 2162 466 2238 quibus
490 2159 592 2241 templa
614 2159 860 2239 concipiebatur,
882 2179 983 2241 magna
1011 2159 1050 2222 est
1079 2162 1135 2222 ob·

168 2241 280 2303 scuritas
300 2242 339 2301 ob
362 2241 488 2301 dictionis
517 2242 628 2302 vitium.
647 2238 711 2322 Ego
731 2261 795 2301 enm
819 2239 966 2302 formulam
987 2257 1075 2304 totam
1096 2242 1134 2305 stc

169 2341 240 2404 puto
267 2324 477 2404 concipiendam
497 2321 566 2383 effe:
584 2323 616 2380 Iu
641 2342 699 2381 arce
709 2325 766 2399 fic:
783 2323 879 2404 templo
901 2327 1019 2403 testaque
1041 2325 1076 2382 mi
1092 2325 1134 2386 itu

164 2407 263 2486 sunto,
279 2407 368 2486 quood
382 2425 427 2484 ego
443 2427 474 2462 ea
486 2401 539 2483 ‘effe
554 2403 650 2474 uelint,
666 2424 718 2482 quo
728 2424 920 2484 nuncupavere.
937 2406 1003 2465 otta
1013 2405 1074 2485 sera
1090 2429 1136 2465 ar·

167 2491 235 2559 bos,
254 2488 370 2568 quisquis
393 2487 443 2569 esi,
463 2505 543 2565 quam
561 2507 598 2543 tue
614 2484 698 2562 sentio
723 2483 835 2563 dixisse,
853 2487 972 2562 templum
993 2489 1136 2568 testemque

168 2569 219 2649 esic
235 2568 412 2649 t'nfiut'strum.
433 2568 498 2627 olla
509 2564 572 2646 sera
589 2567 685 2637 arbos,
708 2565 838 2645 quidquid
849 2566 892 2647 esl,
912 2569 984 2645 quod
999 2588 1036 2623 me
1045 2571 1136 2645 sentio

168 2649 283 2732 diuise,
297 2649 416 2728 templum
437 2650 576 2730 tescumque
599 2648 647 2728 esio
669 2648 698 2702 t'tt
715 2647 845 2707 dextrum.
860 2648 936 2706 Iutta
952 2668 984 2705 ea
1000 2648 1139 2729 conregt'ffi

170 2754 220 2804 rte,
235 2733 398 2812 conspiciunt
406 2776 416 2803 ,
434 2733 606 2803 cortumioue,
622 2728 710 2808 utique
723 2750 754 2786 en
770 2726 893 2805 reflifflme
909 2729 986 2809 sens.
1004 2729 1069 2788 Fero
1092 2751 1137 2791 ar·

170 2813 218 2870 bos
242 2813 285 2872 laic
305 2812 422 2884 dicimr,
437 2831 468 2872 ut
479 2811 541 2892 sera
560 2810 628 2867 uitis
646 2808 770 2890 quodam
787 2812 816 2868 in
834 2807 922 2869 Nonii
938 2811 1010 2871 loco.
1030 2813 1138 2893 Tescum

170 2908 266 2952 autern
286 2892 430 2954 recliffime
456 2891 634 2954 emendatum
664 2907 751 2971 puto,
772 2911 836 2950 cum
864 2892 959 2953 Varro
985 2892 1041 2974 ipse
1064 2892 1138 2955 ultro

170 2993 239 3033 mox
263 2979 329 3052 tesca
354 2979 557 3056 interpretetur,
579 2975 611 3033 bc
635 2973 703 3053 tesia
723 2975 868 3048 attendo,
895 2989 924 3032 ut
941 2985 1047 3051 tuesca,
1063 2974 1139 3036 dicia

170 3051 290 3114 censeat.
311 3054 387 3114 Nam
413 3058 516 3127 tellum,
532 3053 607 3135 quod
627 3054 671 3113 bic
691 3054 859 3127 incubabat,
875 3054 1075 3113 exturbandum
1097 3054 1138 3116 est

171 3153 306 3217 praeceps.
317 3134 471 3197 TuRNuB.
482 3137 513 3196 ln
528 3138 583 3194 hoc
597 3137 662 3193 loco
675 3153 734 3194 tam
744 3134 883 3214 insignirer
893 3135 1045 3214 depravato
1057 3136 1137 3195 multi

170 3215 344 3277 desudarunt.
357 3216 423 3291 Sed,
435 3235 464 3275 ut
475 3237 575 3276 verum
593 3215 690 3290 lateat,
708 3235 806 3276 omnes
821 3215 890 3275 mibi
905 3214 1138 3278 videntur‘lustlse

171 3319 296 3380 operam.
312 3293 374 3378 Ego
390 3317 502 3377 quoquc
514 3299 616 3378 aliquid
634 3298 755 3358 tentabo.
774 3297 849 3376 quod
866 3294 965 3355 srnibil
981 3296 1137 3377 profecero,

171 3380 273 3441 merito
297 3399 361 3438 cum
377 3377 428 3435 illis
443 3397 555 3458 quoque
572 3378 680 3438 luserim
700 3395 827 3456 operam.
850 3376 890 3436 lta
907 3378 988 3460 igitur
1004 3378 1137 3438 emenda-

172 3480 253 3522 mus:
279 3460 525 3539 Concipt'turverb.s
544 3479 597 3517 nott
618 3459 708 3537 t'tsdent
727 3460 965 3597 usquequaquam
981 3463 1038 3517 arce
1052 3479 1138 3520 ntuetr

163 3545 206 3624 fic
215 3587 226 3616 ,
246 3539 324 3624 Testa
344 3543 460 3600 tumeua
472 3542 574 3620 suutu,
591 3542 681 3619 quoad
704 3550 749 3621 ego
769 3542 835 3621 casir
868 3559 951 3622 urguo
967 3560 1137 3622 nuncupaue-

170 3646 209 3684 to.
232 3624 289 3683 olla
312 3642 383 3683 veter
398 3623 489 3696 attor,
501 3622 617 3703 qur'squts
636 3623 687 3701 esi,
704 3641 780 3701 quum
795 3643 834 3681 tue
845 3623 932 3701 sentio
955 3621 1068 3700 dixtffe,
1079 3641 1140 3681 tent.

169 3705 264 3785 plum,
280 3708 418 3785 teclttntque
431 3705 480 3786 esto
492 3703 522 3761 in
531 3703 682 3780 subletum.
702 3703 759 3761 olla
774 3721 845 3762 ueter
861 3707 952 3776 orbor,
967 3703 1086 3783 quisquis
1094 3703 1139 3783 esi,

171 3786 298 3866 quidquid
314 3788 370 3868 esi,
387 3791 457 3866 quod
473 3807 512 3844 tue
530 3786 617 3865 sentio
636 3784 748 3864 dixuse,
766 3787 903 3863 templum,
929 3789 1068 3862 tetiumqtte
1088 3787 1140 3866 esic

172 3869 202 3925 r'n
224 3871 356 3929 dextetam
380 3868 451 3928 intra
481 3890 528 3942 en,
547 3867 721 3943 conrecione,
748 3869 929 3950 consputione,
961 3865 1138 3946 curtumt'utte,

222 3939 228 3964 ⁶
269 3956 320 4029 tt.
344 3955 383 4027 r.
407 3960 522 4032 Varro.
542 3955 617 4025 uu.
635 3954 683 4026 11.
