2834 4567
259 331 330 426 246
472 333 519 402 M.
544 328 764 402 TERENTH
788 329 1023 403 VARRONIS
1165 345 1184 384 ι’

307 489 444 566 Rorarii
462 489 536 562 sunt
553 488 731 613 appellati,
757 490 853 586 quod
875 489 1038 566 imbribus
1062 490 1130 568 fere
1151 494 1224 593 pri·

262 625 355 675 mum
381 622 497 670 rorare
516 597 666 696 incipiat.
686 603 768 672 Non
785 601 855 671 Ror
840 603 926 671 rarii.

309 705 381 802 Qui
400 704 518 806 gladiis
539 705 639 790 cinlii
658 705 725 784 liue
743 707 862 798 scuto,
875 733 953 782 cunr
975 706 1064 782 binis
1081 709 1165 807 getis
1178 712 1226 784 el·

261 799 343 889 sent.
358 820 441 904 Non.
458 815 553 907 Gesa.

310 923 546 999 Referentibus
564 925 822 1004 centurionibus
838 887 1016 1023 adoptati
1007 952 1042 1001 m
1062 873 1226 1004 cohortes

262 1038 441 1124 urbibmr,
463 1057 502 1109 ut
525 1035 654 1163 semper
675 1035 784 1129 plenae
810 1035 914 1110 client
942 1036 1102 1138 legiones.
1120 1063 1228 1136 aquo

265 1150 466 1247 Optiones
456 1175 492 1221 rn
511 1148 633 1221 turmis
653 1147 897 1238 decurionum,
921 1149 986 1222 &
978 1174 1014 1222 rn
1031 1151 1231 1225 cohortibus
1250 1147 1256 1162 “

265 1261 504 1334 centurionum
525 1258 713 1354 appellatae.
736 1261 826 1329 Non.
848 1260 1011 1352 Optionrs.

183 1417 186 1428 Α
299 1369 435 1462 Quini
457 1368 607 1440 exercitu
631 1366 747 1441 donati
772 1367 897 1458 client,
920 1389 957 1441 ut
975 1394 1065 1470 equo
1088 1368 1232 1486 publico

265 1499 443 1572 mererent.
462 1483 548 1556 Non
571 1484 678 1554 Mera.

277 1589 523 1687 Stipendium
541 1590 772 1688 appellabatur
791 1591 887 1689 quod
903 1615 947 1663 aes
964 1589 1064 1662 militi
1078 1589 1235 1664 semestre

103 1763 117 1800 ,
267 1719 325 1774 aut
349 1725 498 1774 annuum
524 1701 688 1774 dabatur:
711 1701 767 1775 cui
798 1703 912 1776 datum
931 1727 1002 1774 non
1027 1699 1066 1773 fit
1094 1717 1235 1798 propter

267 1810 531 1912 ignominiam,
528 1837 593 1884 aere
614 1811 745 1886 diturus
765 1809 852 1884 ellet.
872 1817 963 1885 Non.
982 1816 1061 1886 AErr
1075 1813 1209 1884 dirutus.

299 1923 406 1994 Nam
432 1920 545 2016 postea
568 1923 610 1994 C
635 1920 789 1992 laudatio
811 1917 954 1992 Consuli
975 1920 1016 1992 ad
1038 1920 1192 2015 AEgites
1184 1941 1237 1991 m·

269 2028 377 2118 llrlas,
405 2055 484 2103 curn
507 2027 577 2130 ipse
600 2025 769 2144 catapulta
796 2026 880 2098 idus
904 2023 993 2106 effer.
1019 2031 1106 2100 Non.
1137 2035 1237 2100 Cara-

262 2143 371 2235 pulta.

319 2245 429 2339 Quod
448 2244 579 2356 antiqui
595 2245 709 2372 plures
733 2245 862 2319 tabulas
868 2244 1077 2350 conjundlas
1101 2246 1237 2324 codices

271 2353 455 2429 dicebant.
461 2381 480 2428 a
501 2379 574 2458 quo
594 2357 630 2430 in
650 2349 769 2430 tiberi
790 2371 893 2431 naves
911 2345 1108 2430 Codicarias
1125 2357 1239 2456 appel·

273 2462 393 2538 lamus
406 2469 496 2539 Non.
509 2471 678 2541 Codicariae
690 2493 799 2540 neuen

283 2574 674 2649 Animadvertendum
691 2575 858 2672 primum,
875 2571 999 2671 quibus
1017 2573 1058 2646 de
1080 2573 1185 2648 causis
1202 2577 1242 2651 δι

276 2685 564 2779 quemadmodum
582 2684 819 2759 constituerint
832 2707 957 2783 paces:
976 2685 1158 2757 secundum
1174 2709 1244 2780 qua

275 2793 395 2871 tide&
410 2794 534 2888 justitia
554 2821 609 2870 eas
634 2797 989 2883 coluerint.²Nonius‚
1006 2799 1106 2868 Pares
1120 2800 1245 2890 plttrali

276 2931 415 2978 mnino.

283 2999 442 3115 sitaque
460 3016 546 3089 bella
572 3016 726 3092 &tarde
749 3015 787 3090 δι
810 3013 900 3086 nulla
923 3010 1060 3085 licentia
1085 3010 1245 3110 suscipie-

276 3125 380 3226 bnnt':
395 3129 491 3226 quod
506 3128 630 3202 bellum
648 3127 798 3214 nullum,
814 3124 873 3197 nili
883 3123 994 3218 pium,
1009 3124 1172 3219 putabant
1185 3140 1245 3221 gei

278 3234 511 3332 rioportere,
528 3240 567 3311 dc
587 3236 779 3335 priusquam
798 3231 988 3307 indicerent
1010 3233 1134 3305 bellurn
1144 3231 1246 3323 ,bis,

233 3348 236 3352 ’
278 3346 481 3468 aquibus
472 3345 612 3440 injurias
633 3343 733 3417 sallas
765 3342 939 3432 sciebant,
963 3340 1098 3415 feciales
1119 3341 1247 3438 legatos

279 3452 462 3545 repetitum
489 3454 670 3526 mittebant
691 3470 864 3552 quatuor,
888 3473 975 3580 quos
1001 3469 1155 3529 oratores
1177 3469 1246 3520 vo-

249 3647 253 3656 ,
282 3560 417 3632 cabant.
437 3564 526 3634 Non.
544 3565 691 3636 striatas

330 3670 365 3742 Si
386 3670 482 3794 cujus
503 3673 618 3774 Legati
640 3672 762 3745 violati
785 3672 912 3757 client,
934 3667 993 3765 qui
1018 3668 1054 3739 id
1077 3661 1249 3752 mittent,

281 3779 441 3882 quamvis
462 3782 740 3875 nobiles‘ellent„
754 3799 796 3855 ut
818 3780 1019 3853 dederentur
1042 3775 1247 3863 statuerunt,
