2834 4567
197 317 201 326 ’
252 344 328 402 100
468 323 519 396 M.
544 319 764 393 TERENTll
789 314 1026 391 VARRONIS

253 484 441 558 Decretum
463 476 510 551 esl
533 477 655 550 soffare
676 464 825 572 corpora
851 475 957 549 teleis.
982 475 1053 549 hoc
1076 474 1223 549 wrbum

144 627 147 636 ¹
170 629 173 638 ⁴
250 593 377 676 Ennii,
396 590 520 662 diuum
539 586 758 662 afodiendo:
779 611 798 657 a
819 608 889 680 quo
907 583 1013 658 Fossa.
1029 587 1130 684 Apud
1154 588 1224 658 En·

251 705 373 790 nium,
393 700 549 772 Vocrbus
572 696 741 769 concide:
766 694 818 766 fac
841 693 900 765 siet
920 694 1075 769 obrutus.

580 809 709 899 Desunt
732 809 885 904 quadam.

292 912 444 998 'Mussire
463 920 610 1009 diuum,
631 919 727 1016 quod
748 916 834 989 muti
855 939 927 988 non
951 913 1096 1012 amplius
1117 940 1220 1014 quam

181 1079 186 1098 ‹
249 1048 296 1128 μῦ
316 1039 444 1111 dicunt.
460 1060 479 1107 a
497 1058 569 1130 quo
589 1030 679 1103 idem
698 1027 803 1119 dicit,
819 1028 928 1122 Quod
947 1027 1125 1099 minimum
1148 1027 1221 1118 est,

151 1240 158 1248 .
249 1169 362 1245 neque
380 1163 417 1216 ut
430 1140 544 1235 ajunt,
560 1146 603 1224 μῦ
620 1137 731 1210 facere
753 1139 864 1210 audet.
882 1138 984 1232 Apud
1009 1135 1219 1228 Pacuvium,

165 1251 169 1256 ’
249 1259 314 1334 Dii
341 1253 513 1328 mouerint
540 1248 702 1334 meliora,
725 1267 825 1345 atque
846 1248 1028 1321 amentiam
1051 1271 1221 1323 averrun-

249 1370 378 1444 caffinr.
401 1362 620 1439 Avertendo
642 1363 898 1447 Auerruncare3
913 1377 950 1432 ut
971 1360 1088 1447 Deus,
1101 1360 1160 1456 qui
1177 1359 1220 1431 iis

250 1480 350 1553 rebus
380 1471 520 1571 praeest,
544 1473 774 1544 Auerruncus.
801 1472 919 1567 Iraque
947 1468 989 1539 ab
1014 1491 1057 1540 eo
1088 1465 1219 1563 precari

249 1588 437 1670 solent,ut
456 1578 604 1676 pericula
623 1596 765 1650 avertat.
779 1580 815 1648 ln
834 1575 1029 1663 Aulularia,
1047 1575 1170 1671 Pipulo
1184 1594 1218 1650 te

248 1693 401 1768 differam
421 1711 499 1764 ante
520 1687 630 1760 aedeiS.
654 1686 688 1758 id
710 1685 779 1774 esi,
802 1684 990 1775 convicio,
1009 1684 1217 1759 declinatum

250 1803 409 1898 apipatu
432 1797 624 1894 pullorum!
645 1795 755 1866 Multa
779 1795 821 1864 ab
841 1795 1042 1880 ,animalium
1071 1796 1218 1869 vocibus

249 1910 409 1987 translata
438 1908 472 1977 in
500 1906 685 1978 homines:
714 1901 839 1998 partim
866 1928 943 1998 quae
975 1904 1051 1975 sunt
1076 1925 1218 2001 aperta,

249 2022 372 2120 partim
393 2017 548 2089 obscura.
571 2014 769 2109 Perspicua,
785 2033 820 2084 ut
841 2011 962 2100 Ennii,
980 2012 1123 2087 Animus
1138 2041 1217 2090 cum

104 2127 127 2160 ·’
247 2129 386 2226 peclore
408 2125 512 2194 latrat.
536 2121 666 2222 Plauti,
688 2120 819 2194 Gannit
840 2118 980 2191 odiosus
1007 2119 1105 2192 omni
1133 2140 1216 2197 totae

248 2236 397 2313 familiae.
413 2231 567 2320 Caecilii,
591 2230 738 2310 Tantam
754 2254 825 2302 rem
847 2229 1014 2318 dibalare,
1028 2248 1065 2302 ut
1083 2255 1148 2327 pro
1164 2233 1217 2304 ni·

246 2350 321 2426 hilo
335 2343 499 2416 habuerit.
519 2341 660 2430 Lucilii,
680 2344 781 2429 Haec,
800 2341 960 2437 inquam,
977 2341 1076 2414 rudet
1096 2368 1138 2415 err
1153 2367 1217 2416 ro·

248 2457 363 2544 streis,
383 2476 482 2550 atque
504 2450 729 2524 hinnilitabat.
750 2452 923 2544 Ejusdem,
941 2453 1118 2543 Quantum
1139 2453 1217 2527 hin·

247 2570 359 2644 nitum
378 2588 477 2660 atque
495 2565 692 2662 equitatum.
705 2566 794 2636 Cum
807 2563 920 2636 minus
934 2561 1086 2657 aperiant
1100 2589 1109 2634 ε
1128 2565 1217 2637 Por-

178 2681 184 2690 '
247 2678 295 2753 cii
314 2677 355 2747 ab
374 2677 479 2770 lupo,
497 2674 654 2745 volutare
668 2671 838 2744 ululantis.
854 2670 986 2742 Enniia
1006 2668 1217 2760 vitulo,Ti·

245 2787 361 2860 bicina
391 2783 541 2854 maximo
572 2781 689 2852 labore
717 2780 835 2879 mugit.
865 2778 1019 2877 Ejusdem
1047 2805 1067 2853 a
1096 2781 1217 2875 bove,

245 2899 408 2972 Clamore
433 2896 613 2968 bovantes.
640 2893 793 2988 Ejusdem
818 2919 837 2965 a
859 2893 979 2982 leone,
1000 2891 1138 2967 Paulam
1165 2893 1216 2969 se·

244 3035 325 3104 cere
346 3006 523 3079 siemendi.
546 3005 700 3098 Ejusdem
723 3008 766 3079 ab
782 3006 1060 3094 haedo,Clamor
1079 3007 1121 3079 ad
1147 3033 1216 3082 cae·

244 3124 318 3196 lum
340 3119 535 3190 volvendus
561 3143 620 3211 per
644 3117 768 3188 aethera
798 3117 903 3213 vagit.
930 3119 972 3187 Et
998 3141 1016 3187 a
1040 3115 1215 3206 frendice,

244 3232 380 3308 Funde
401 3228 531 3301 srutimi
545 3227 700 3300 suaviter.
718 3229 768 3298 M.
784 3228 897 3297 nurus
915 3227 950 3298 in
966 3227 1115 3300 Casinaa
1132 3227 1216 3299 srin·

245 3345 368 3443 guilla,
392 3341 488 3434 Quid
507 3338 689 3438 fringutisl
713 3337 796 3436 quid
818 3337 902 3410 istuc
923 3355 991 3410 tam
1016 3339 1136 3433 cupide
1154 3362 1215 3408 cu·

245 3451 328 3549 pisl
349 3451 419 3523 sues
438 3440 628 3521 avolierar.
651 3452 699 3520 lta
721 3449 817 3520 trude
842 3474 952 3545 neque
973 3449 1007 3520 in
1030 3473 1084 3533 re,
1103 3470 1214 3540 neque
1253 3503 1256 3508 -

246 3560 283 3634 in
301 3558 461 3648 iudicium
483 3559 621 3652 AEt'opi,
638 3583 699 3630 nec
719 3558 907 3631 theatrales.
925 3562 961 3628 ln
978 3558 1126 3646 Colace,
1140 3555 1214 3627 Ne·

245 3694 342 3743 xum.
365 3658 523 3741 Manilius
549 3669 684 3755 scribit,
705 3693 809 3741 omne
831 3670 927 3764 quod
950 3693 1009 3762 per
1028 3667 1146 3739 libram'
1174 3671 1214 3743 δι

244 3805 290 3855 aes
306 3779 454 3880 geritur,
473 3778 594 3878 inquo
612 3779 676 3855 smt
696 3780 864 3879 mancipi:
880 3778 1014 3855 Mucius
1027 3777 1210 3872 Scaevola,

1337 3767 1347 3806 l
