2834 4567
273 376 317 474 ,a
464 377 1016 457 u.aannur11vnunouts

165 608 169 618 ,
269 537 414 637 Opalia,
431 541 530 637 Opis.
547 541 773 642 Angeronalia
790 543 833 615 ab
851 546 1052 642 Angerona,
1063 543 1120 618 cui
1135 543 1235 619 sacria'

270 648 387 724 siclum
405 648 443 723 fit
463 653 501 723 in
521 653 624 726 curia.
644 652 782 727 Accalia
806 652 898 725 seriae
916 654 1061 750 publicae'
1080 658 1233 729 Lauren·
1305 707 1310 712 -

269 762 351 836 tinae
370 762 399 837 is
427 763 520 853 dies,
537 788 639 863 quem
662 763 801 863 quidam
823 763 858 835 in
880 762 1058 838 scribendo
1085 770 1233 839 lauren-

269 871 347 945 talia
365 871 556 969 appellant;
573 874 617 945 ab
639 875 728 947 Acca
747 873 926 946 Laurentia
946 874 1160 965 nominatus,
1175 875 1233 950 cui

269 977 457 1055 sacerdotes
475 981 582 1054 noslri
605 981 739 1077 publice
760 999 936 1078 parentant
953 982 1050 1056 stxto
1069 986 1150 1075 die,
1170 985 1232 1084 qui

141 1083 143 1088 ⁴
269 1109 340 1163 atra
363 1088 511 1181 dicitur,
532 1093 570 1166 δι
584 1090 703 1165 dicunt
721 1093 812 1165 lrunc
825 1091 913 1164 diem
933 1094 1111 1167 Tarentini
1125 1102 1233 1168 Accas

268 1197 481 1273 Tarentinas.
505 1202 582 1274 lloc
602 1197 798 1273 sacrificium
819 1196 859 1271 fit
878 1199 914 1271 in
930 1201 1101 1293 Velabro,
1115 1228 1181 1299 qua
1195 1203 1232 1278 in

136 1315 139 1322 '
269 1308 501 1383 novamviam
519 1310 701 1398 exitur,ut
713 1309 808 1403 ajunt
821 1309 1028 1408 quidam,ad
1045 1313 1233 1408 sepulcrum
1284 1299 1287 1308 ’

159 1441 164 1449 ·
205 1489 208 1496 ,
271 1419 401 1488 Accae:
422 1433 461 1489 ut
487 1419 583 1514 quod
608 1418 657 1490 ibi
676 1442 784 1515 prope
811 1417 941 1491 faciunt
972 1419 1049 1492 Diis
1077 1420 1233 1496 manibus
1279 1485 1289 1502 ‚

269 1523 449 1597 servilibus
469 1524 669 1600 sacerdotes.
695 1528 753 1626 qui
777 1529 920 1626 uterque
939 1527 1038 1602 locus
1061 1548 1154 1601 extra
1172 1555 1233 1601 ur·

130 1645 132 1650 '
269 1636 346 1708 bem
365 1636 534 1734 antiquam
555 1636 644 1730 suit,
664 1662 737 1711 non
753 1639 888 1736 longe'a
903 1657 1001 1736 porta
1019 1641 1233 1746 Romanula,

269 1747 312 1820 de
329 1745 443 1844 quain
461 1747 567 1842 priori
581 1749 673 1822 libro
695 1750 778 1824 dixi.
792 1751 877 1825 Dies
894 1750 1154 1848 Septimontium
1170 1776 1236 1824 no·

257 1854 416 1929 ‘minatus
433 1855 475 1927 ab
495 1855 566 1929 heis
580 1855 703 1954 septem
716 1857 903 1945 montibus,
916 1859 952 1929 in
965 1859 1059 1955 queis
1069 1860 1128 1932 fita
1142 1859 1234 1932 Urbs

269 1962 326 2036 etl.
347 1965 476 2052 feria,
499 1989 571 2037 non
594 1963 739 2061 populi,
761 1962 818 2036 sed
838 1985 1079 2036 montanorum
1103 1967 1235 2054 modo,

269 2091 307 2143 ut
333 2074 568 2172 Paganalibus,
583 2074 644 2170 qui
662 2072 739 2144 sunt
760 2072 902 2166 alicujus
915 2074 1002 2169 pagi.
1026 2075 1082 2146 De
1105 2074 1234 2149 llatutis

269 2181 390 2254 diebus
401 2181 495 2269 dixi,
509 2205 602 2252 nunc
623 2180 664 2252 de
676 2181 852 2253 annalibus
874 2182 993 2253 dicam.
1005 2179 1234 2279 Compitalia,
1304 2259 1307 2264 ⁴

271 2289 344 2360 dies
362 2287 550 2361 adtributus
564 2288 713 2375 laribus,
729 2306 768 2360 ut
777 2288 877 2363 alibi:
890 2290 968 2362 ideo
981 2292 1040 2365 ubi
1055 2293 1123 2364 viae
1138 2319 1235 2366 com-

269 2413 418 2493 petunt,
443 2414 516 2469 turn
545 2397 582 2469 in
608 2397 790 2495 compiteis
818 2397 1050 2487 sacrificatum
1083 2420 1233 2500 quotans

115 2571 119 2578 ,
269 2504 343 2580 neis
361 2507 390 2579 is
407 2499 480 2579 'dies
501 2506 707 2603 concipitur.
724 2507 886 2581 Similiter
900 2508 1027 2582 Latinae
1048 2509 1140 2581 feriae
1162 2509 1234 2584 dies

146 2639 156 2657 ‘
268 2616 498 2711 conceptivus
517 2617 626 2689 didus
647 2642 667 2689 a
688 2616 834 2690 Latineis
851 2616 1030 2715 populeis,
1051 2619 1233 2715 quibusex

269 2723 408 2796 Albano
436 2742 554 2796 monte
579 2749 622 2796 ex
650 2724 769 2797 sacreis
794 2750 929 2798 carnem
956 2743 1070 2821 petere
1092 2724 1156 2796 fuit
1180 2723 1234 2819 jus

173 2839 177 2854 '
270 2858 349 2907 cunr
378 2834 585 2907 Romaneist
606 2862 625 2908 a
653 2836 777 2934 quibus
800 2836 948 2909 Latineis
974 2836 1103 2907 Latinae
1125 2835 1235 2910 dislae.
1259 2857 1263 2868 ·

270 2941 473 3015 Sementinae
486 2942 598 3032 feria,
609 2944 680 3019 dies
692 2945 743 3036 is,
761 2946 820 3042 qui
835 2972 854 3018 a
872 2942 1091 3042 pontificibus
1104 2945 1233 3033 di8us3

271 3052 488 3148 appellatusa
503 3051 650 3127 semente
662 3106 673 3143 ,
686 3055 782 3153 quod
795 3052 935 3126 sationis
947 3052 1044 3126 causa
1062 3051 1242 3151 susceptae.⁴

269 3162 465 3260 Paganica,
480 3164 625 3256 ejusdem
647 3164 861 3262 agricultura
882 3160 979 3236 causa
999 3162 1181 3259 susceptae,
1195 3183 1234 3238 ut

271 3271 408 3346 haberet
427 3271 463 3343 in
483 3273 590 3370 agneis
608 3274 722 3347 omnis
742 3298 868 3371 pagus:
884 3273 973 3345 unde
987 3273 1163 3371 paganicae
1182 3272 1234 3343 dia:

177 3470 179 3474 .
271 3380 332 3453 slae
347 3382 431 3453 sunt.
445 3384 605 3457 Praeterea
619 3383 713 3458 sctiae
727 3384 1056 3480 Conceptivae,quae
1071 3403 1142 3452 non
1157 3379 1233 3452 sunt
1308 3453 1311 3458 ,
1404 3375 1410 3388 ”

271 3492 428 3577 annales3
445 3510 482 3564 ut
493 3493 565 3581 hae,
578 3520 660 3591 quae.
669 3495 828 3567 dicuntur
843 3495 910 3568 fine
922 3493 1063 3589 proprio
1076 3491 1233 3564 vocabu-

271 3601 332 3688 lo,
353 3620 410 3674 aut
431 3625 510 3674 cunr
535 3603 740 3699 perspicuo,
762 3620 800 3676 ut
823 3600 1060 3675 Nouendialis.
1082 3599 1139 3671 De
1159 3599 1232 3674 heis

271 3713 388 3785 diebus
408 3736 501 3785 nunc
525 3709 615 3804 jann,
635 3715 694 3811 qui
717 3713 897 3787 hominum
919 3709 1011 3786 causa
1032 3709 1232 3799 constituti,

272 3821 458 3898 videamus.
475 3821 578 3896 Primi
599 3824 669 3898 dies
686 3823 848 3898 mensium
868 3820 1033 3895 nominati
1049 3820 1234 3912 Kolenda,
