2834 4567
285 298 972 405 'rnrnncmeurn
1072 356 1144 430 ,m

191 490 220 551 ti
238 489 359 552 srmulata
379 493 508 575 virginis,
524 513 607 573 quem
625 489 720 552 Festus
740 491 851 573 exponit
874 491 915 550 his
936 489 1044 552 verbis:
1070 489 1145 570 Rapi

181 573 320 649 fimulatur
331 575 431 657 uirgae
451 574 546 655 gremio
563 574 673 647 matris,
694 590 760 643 aut,
768 574 797 649 fi
815 594 846 631 ea
864 594 917 631 nan
934 574 986 652 est,
1001 593 1035 631 ex
1050 573 1145 666 proxi·

189 672 233 711 nra
247 654 441 731 necrffitudine,
457 676 513 713 curn
531 655 669 715 advirum
693 651 866 733 transfertur,
890 655 961 733 quod
976 654 1094 712 uidelicet
1112 678 1144 714 ea

189 754 230 793 res
246 731 363 813 feliciter
378 736 489 795 Romulo
509 734 584 813 effe.
610 736 746 814 Apuleius
769 752 862 795 autem
886 733 997 814 copiose
1019 732 1145 797 describit

187 810 237 873 lib.
255 837 274 890 4
300 816 335 877 de
355 814 442 876 Asino
467 836 560 877 aureo.
583 816 675 888 Tunc,
696 818 800 896 inquit,
821 837 860 875 me
882 817 977 894 gremio
990 817 1042 898 suo
1063 834 1147 874 mater

187 894 286 975 infelix
302 897 435 972 tolerans,
455 900 549 959 mundo
571 898 686 978 nuptiali
705 900 821 956 decenter
840 897 968 969 ornabat,
988 894 1142 976 mellitisque
1170 938 1173 943 ·

183 975 292 1056 seruulis
310 978 425 1037 crebriter
438 979 541 1060 inpellit
551 1023 560 1049 ,
572 978 630 1059 jorn
642 978 689 1058 spe
699 978 793 1055 fictura
811 976 946 1037 liberorum
965 977 1037 1037 uotis
1052 978 1145 1039 anxiis

184 1058 370 1138 propagabat:
391 1081 447 1119 cum
474 1060 626 1142 irruptionis
645 1061 740 1142 fiebitae
758 1059 936 1138 gladiatorum
959 1059 1087 1139 impetus,
1106 1058 1146 1117 ad

188 1137 251 1196 belli
266 1139 365 1219 faciem
380 1139 512 1218 satiens,
535 1143 615 1200 nudis
632 1144 659 1202 ft
679 1144 788 1200 exertis
807 1139 969 1200 mucronibus
992 1137 1147 1217 coruscans,

190 1239 243 1277 non
265 1222 345 1295 cadi,
364 1242 416 1279 non
441 1223 538 1301 rapina
553 1244 647 1283 manus
668 1244 684 1280 a
705 1240 795 1292 erunt,
813 1222 865 1305 sed
883 1218 962 1299 denfir
981 1219 1145 1301 conglobato·

95 1328 102 1343 ι
188 1319 237 1379 que
253 1321 329 1360 cuneo
358 1303 501 1362 cubiculum
525 1306 634 1383 nollrum
657 1305 790 1364 inuadunt
812 1303 950 1382 protinus:
974 1320 1021 1360 nec
1042 1299 1098 1362 ullo
1111 1302 1144 1359 de

184 1380 366 1461 familiaribus
382 1386 474 1465 nostris
491 1403 662 1466 repugnante,
676 1406 708 1442 ac
724 1405 754 1443 ne
770 1385 904 1443 tantillum
922 1381 1025 1463 quidem
1041 1381 1147 1461 rcfisten·

189 1478 230 1535 te,
246 1484 284 1523 me
300 1465 431 1542 miserant,
447 1468 607 1538 exanimem,
616 1466 685 1543 savo
693 1485 792 1543 pavore
808 1466 946 1541 trepidam,
960 1468 989 1524 de
1001 1463 1147 1524 medioma-

189 1543 239 1601 trir
253 1546 352 1623 gremio
360 1566 470 1682 repperere.
483 1545 546 1637 Huc
556 1543 673 1637 sortallis
683 1542 800 1623 respexit
813 1541 937 1607 Catullus
944 1544 992 1604 illis
1003 1542 1143 1608 versibus:

372 1624 759 1787 Florildmfliirlilpieillw
784 1725 786 1729 ’
809 1696 812 1711 ’

371 1786 500 1927 lbs‘appsise
516 1786 612 1868 gremio
625 1787 683 1868 sua

190 1943 243 2010 Et:

372 2028 429 2109 Qui
444 2030 524 2122 rapit
541 2051 651 2093 teneram
672 2032 711 2091 ad
727 2027 813 2095 uinum

375 2111 424 2171 Vir
480 2134 513 2173 m.

230 2192 360 2271 Rapturis
376 2131 481 2254 unffi
497 2194 623 2275 nempit.]
647 2191 743 2285 lego:
767 2188 895 2275 Raptorir
915 2189 1022 2254 ramicis
1035 2192 1149 2279 rumpit;

191 2288 221 2334 ut
240 2273 380 2336 Catullus:

376 2355 500 2414 Omnium
518 2353 568 2412 ilia
587 2375 717 2434 rumpens.

235 2435 351 2517 confluit
363 2436 529 2514 mulierum]
544 2434 609 2494 Hoc
624 2437 742 2517 pertinet
755 2431 790 2493 ad
806 2453 914 2496 morem
930 2434 1082 2497 deducendi
1097 2457 1149 2498 no·

190 2515 939 2677 ll”llll§lulllllllltlffllzlltl
950 2516 1147 2658 llll?

192 2675 307 2737 confluit
323 2677 358 2736 ad
377 2680 454 2738 initia
473 2679 646 2759 nuptiarum,
659 2619 728 2760 bute
741 2678 862 2752 majores
882 2675 1051 2739 modeste&
1069 2641 1150 2739 vere:

192 2757 282 2819 eunde
299 2758 380 2819 nolin
393 2759 577 2840 peragebant,
595 2775 625 2818 ut
640 2760 722 2841 pinea
740 2757 786 2819 sax
804 2759 917 2833 indicat,
928 2778 989 2840 quae
999 2759 1150 2820 etiamnum

191 2839 221 2898 in
236 2842 334 2922 nuptiis
346 2840 497 2922 praesertur.
516 2839 548 2902 ln
565 2840 611 2902 illo
627 2841 771 2901 mulierum
786 2838 825 2900 est
836 2838 964 2917 interire
973 2885 983 2913 ,
1000 2840 1086 2920 poetis
1095 2839 1156 2899 usr-

190 2934 266 3060 tepla,
283 2942 347 3061 cupi
366 2923 496 2983 omittunt
517 2942 620 2984 vocem
644 2920 741 2997 sexus,
758 2922 858 2997 turba,
877 2921 1034 2996 multitudo,
1050 2940 1098 2981 aut
1112 2918 1148 2982 fi·

189 3021 220 3061 m
238 3023 253 3062 e
302 3025 310 3061 r
332 3047 340 3064 .

235 3023 321 3145 Nile
338 3084 400 3161 fieri
418 3084 533 3163 Initia]
549 3081 659 3146 Cereris
679 3082 787 3145 occulta
805 3082 869 3157 illa,
888 3084 920 3144 ue
940 3082 1002 3144 solis
1018 3083 1152 3143 matronis

192 3161 283 3223 secere
298 3163 423 3224 concessa
438 3166 513 3226 sacta
529 3168 566 3224 irn
584 3168 690 3241 vocari,
704 3165 791 3246 vulgo
808 3183 907 3224 notum
923 3162 969 3224 est.
981 3162 1039 3224 Cur
1055 3185 1150 3225 autem

195 3244 289 3307 Varro
302 3242 341 3304 lic
355 3245 470 3324 appellet
489 3247 617 3327 nuptialia
631 3246 772 3387 auspicia,
788 3266 845 3305 non
863 3262 938 3325 aeque
953 3246 1103 3326 cognitum.
1114 3265 1152 3306 an

194 3327 269 3406 quia,
283 3342 314 3384 ut
328 3327 356 3384 in
371 3325 421 3385 illis
435 3327 586 3387 sacerdotes
599 3348 663 3387 cum
686 3328 781 3387 acibus
799 3324 1000 3401 discurrebant,
1016 3328 1053 3387 ira
1064 3328 1092 3386 in
1106 3326 1150 3387 nia

195 3408 271 3488 pueri
287 3407 394 3487 patrimi
408 3407 439 3467 bt
452 3410 569 3467 matrimi
585 3408 768 3488 preferebant
781 3407 869 3468 facem
881 3406 1053 3468 inhonorem
1064 3406 1151 3469 Cere·

195 3485 249 3546 ris?
266 3508 301 3546 an
316 3487 390 3568 quod
400 3488 459 3548 haec
471 3509 529 3548 non
543 3491 650 3563 minus,
665 3510 748 3569 quam
765 3489 827 3562 illa,
844 3487 909 3548 vitae
926 3488 1056 3570 principia
1070 3485 1151 3548 sunt?

194 3572 296 3648 quade
309 3568 387 3629 causa
401 3568 615 3652 Gtaecisylepcr
624 3570 718 3630 dicitur
730 3569 852 3641 τέλειος,
866 3562 904 3630 tir
915 3568 1004 3631 rentii
1020 3567 1088 3650 πρὶς
1101 3570 1151 3631 rbr

194 3650 251 3721 βίον
266 3648 322 3711 teir
337 3651 497 3733 ἀνθρώπων,
511 3653 598 3732 inquit
613 3651 715 3713 Pollux.
730 3652 804 3712 unde
815 3650 916 3714 cineta
928 3653 960 3712 ὃ(
971 3651 1151 3731 mpcrlutra,

196 3729 325 3792 sacrificia
339 3733 482 3814 nuptialia,
532 3751 566 3805 ae,
580 3732 709 3793 Varrone
718 3733 840 3806 tuliore,
854 3732 943 3792 dicere
954 3729 1046 3791 licebit
1062 3729 1149 3791 Initia

196 3810 329 3898 siquidem
339 3812 489 3879 reueletur
539 3813 745 3899 morereretur
755 3813 795 3880 eli
805 3814 920 3891 initiaoe,
931 3811 978 3876 vel
986 3830 1148 3897 praeparare.
