2834 4567
247 365 315 438 ¹44
436 347 485 419 u.
511 315 733 418 τιιιιιιιιιι
758 303 995 420 vitemus

239 503 353 590 muni,
370 505 562 579 dicerentur
581 503 627 579 fic
648 504 746 593 olea,
761 523 800 577 ut
822 505 913 581 vina.
927 508 1046 600 Quare
1059 505 1096 578 in
1114 526 1207 581 utra·

239 641 307 715 que
330 614 475 710 denique
495 638 552 705 re,
575 612 725 688 scindere
746 633 917 687 conantur
937 613 1147 716 analogiam:
1169 619 1208 691 δι

237 753 316 804 cum
336 725 371 798 in
393 724 540 798 dillimili
559 723 622 798 usu
642 723 763 799 similia
781 725 954 799 vocabula
973 744 1149 823 querunt,
1169 729 1210 799 δι

236 863 315 915 cum
328 835 410 910 item
424 859 482 924 ea,
494 833 773 933 quae'metimur,
794 850 977 932 atquerea,
990 859 1067 930 quae
1087 857 1208 909 nume·

136 999 161 1018 „
237 971 373 1034 ramus,
401 943 469 1018 dici
491 962 616 1041 ,putant
644 964 820 1040 oportere.
848 949 931 1018 ltenr
958 942 1209 1041 reprehendunt

1103 259 1112 302 θ
1242 265 1246 274 ,
1290 258 1298 271 ι

1223 298 1237 320 0

237 1057 430 1155 analogias,
449 1057 545 1154 quod
568 1055 726 1130 dicantur
745 1055 972 1130 multitudinis
988 1057 1130 1130 nomine
1148 1082 1209 1154 pu·
1279 1062 1294 1098 ἕ
1329 1156 1331 1160 Ι
1361 1108 1371 1122 .

237 1169 339 1242 blicae
361 1166 524 1254 balineae,
551 1188 625 1238 non
654 1165 798 1248 balinea.
820 1185 942 1242 conua
965 1170 1060 1266 quod
1082 1167 1209 1265 privati

175 1305 184 1322 ι
239 1278 357 1351 dicunt
382 1300 489 1348 unum
511 1274 707 1364 balineum,
730 1277 840 1376 quod·
853 1278 950 1375 plura
978 1280 1126 1352 balineas
1156 1280 1212 1352 di·

237 1406 328 1462 cant.
356 1385 511 1481 Quibus
522 1385 720 1483 responderi
747 1387 880 1484 potest,
907 1413 979 1463 non
1000 1389 1068 1463 effe
1092 1414 1209 1485 repre-

238 1495 477 1586 hendendunr,
496 1495 591 1592 quod
617 1495 730 1584 scalae,
750 1498 790 1573 δι
814 1521 911 1594 aquae
932 1498 1071 1589 calidae,
1095 1499 1208 1598 plera·
1242 1517 1255 1528 ”

140 1695 144 1706 ι
238 1628 326 1704 que,
343 1629 422 1703 qnae
441 1629 520 1679 cum
537 1591 766 1677 multitudinis
787 1605 989 1679 voeabuleis
1007 1553 1071 1679 finl
1093 1606 1207 1732 appel·

185 1733 189 1748 ⁸
237 1716 331 1807 lata,
360 1739 481 1814 neque
496 1738 616 1789 eorum
642 1714 858 1842 lingularia
848 1743 884 1789 ιιι
914 1717 1010 1791 usum
1038 1715 1208 1792 venerint.
1237 1795 1238 1798 ,

150 1862 152 1866 ⁷
237 1770 449 1927 idemque,
439 1845 522 1900 rtem
543 1844 665 1901 contra
690 1826 835 1924 primum
855 1828 1036 1912 balineum,
1050 1847 1207 1917 novum,
1273 1883 1278 1890 .

237 1943 276 2013 δι
298 1941 462 2012 Graecum
481 1936 615 2010 introiit
634 1936 670 2007 in
688 1936 835 2025 urbem,
859 1936 997 2031 publico
1014 1937 1061 2009 ibi
1081 1961 1207 2012 conce·

226 2046 307 2130 dit,
314 2044 372 2116 ubi
389 2044 469 2116 bina
481 2042 585 2115 edent
596 2038 778 2131 conjunda
792 2040 935 2120 aedificia
948 2041 1106 2117 lavandei
1125 2072 1207 2118 cau·

123 2247 127 2254 ,
162 2233 170 2255 ‚
236 2156 290 2241 sa;
313 2180 420 2227 unum
442 2152 501 2224 ubi
524 2151 612 2240 viri,
626 2151 767 2226 alterum
788 2150 848 2225 ubi
868 2151 1027 2227 mulieres
1048 2155 1207 2229 lavaren-

238 2285 312 2338 tur:
338 2263 383 2336 ab
402 2261 520 2334 eadem
544 2258 678 2334 ratione
700 2261 798 2335 donri
824 2262 891 2336 lure
916 2262 1059 2362 quisque
1082 2264 1141 2339 ubi
1156 2267 1206 2340 la·

237 2392 364 2464 vatur,
384 2371 555 2446 balineum
583 2370 720 2446 dixerit.
742 2373 781 2448 δι
801 2373 897 2471 quod
922 2398 995 2447 non
1015 2397 1112 2451 erant
1135 2378 1207 2450 duo

236 2483 392 2573 balinea,
413 2481 526 2556 dicere
546 2484 619 2556 noir
639 2483 915 2558 consueverunt:
933 2509 1010 2558 cum
1029 2487 1100 2560 hoc
1120 2486 1208 2560 anti·
1270 2518 1277 2532 ·

185 2629 189 2646 ·
234 2591 298 2690 qui
320 2617 394 2666 non
412 2591 604 2680 balineum,
628 2591 682 2664 sed
706 2593 921 2666 Lavatrinam
936 2594 1104 2691 appellare
1122 2621 1207 2672 con.-

236 2701 428 2776 suevillent.
452 2700 510 2774 Sic
533 2723 629 2798 aque
656 2700 774 2776 calidae
799 2728 819 2776 a
844 2702 955 2794 loco,
975 2705 1014 2777 δι
1040 2705 1118 2799 q'uae
1138 2706 1208 2779 'ubi

236 2813 422 2904 scaterent,
438 2833 573 2898 cumut
589 2813 806 2905 colerentur,
821 2816 860 2889 δι
880 2814 1045 2888 renident
1058 2816 1094 2889 in
1110 2817 1208 2891 usum
1344 2821 1346 2824 ’

237 2922 402 3014 nostreis,
424 2947 501 2998 cum
527 2922 600 3003 alia.
619 2922 663 2996 ad
685 2925 789 2997 alium
814 2926 975 2997 morbum
998 2923 1133 2999 idoneae
1155 2927 1207 2998 es·

236 3033 320 3107 sent.
347 3033 412 3105 Hae
436 3054 515 3106 cum
539 3029 653 3126 plures
681 3031 804 3122 effent,
830 3051 868 3103 ut
890 3032 1093 3124 Puteoleis‚
1107 3036 1178 3109 &'
1169 3063 1206 3108 ιιι

235 3125 396 3233 tureis,
429 3140 553 3240 quibus
578 3140 785 3232 utebantur,
814 3142 1043 3222 multitudinis
1070 3145 1207 3241 potius,

236 3278 340 3352 quam
362 3252 520 3350 {iugulari
548 3250 725 3325 vocabulo
754 3251 974 3350 appellarunt.
1002 3254 1058 3329 sic
1083 3254 1207 3345 scalas,
1294 3287 1299 3299 ·

237 3363 336 3462 quod
363 3391 383 3437 a
412 3365 605 3439 scandendo
632 3365 808 3455 dicantur,
837 3366 877 3440 δι
906 3365 1057 3463 fingulos
1086 3366 1207 3463 gradus

214 3474 454 3568 scanderent:
479 3501 584 3574 magis
597 3495 666 3550 erat
682 3477 929 3574 quaerendum,
950 3475 1207 3601 stappellallent
1302 3559 1306 3577 Ι

236 3583 394 3681 lingulati
415 3586 589 3659 vocabulo
609 3586 752 3675 scalam,
778 3614 858 3678 punt
884 3586 986 3685 origo
1008 3586 1205 3659 nominatus

234 3695 430 3771 ostenderet
452 3715 583 3770 contra.
606 3702 688 3770 ltem
718 3699 971 3793 reprehendunt
994 3695 1036 3768 de
1057 3694 1256 3783 cafibus3

236 3805 495 3907 quodquidam
526 3808 723 3926 nominatus
750 3809 876 3883 habent
905 3809 1036 3924 tellus,
1063 3807 1202 3907 quidam
1325 3799 1334 3820 χ
