2834 4567
273 304 345 380 320
478 284 528 358 M.
552 282 774 359 TERENTII
799 288 1037 375 VARRONIS

331 443 422 517 Cum
445 441 558 517 cibum
585 467 625 516 ac
653 441 832 539 potionem
862 444 945 520 huus
970 471 1010 522 ac
1033 471 1156 546 pappus
1180 448 1236 525 di·

270 572 372 628 cunt·
395 566 534 627 matrem
561 577 765 648 mammam,
789 574 919 653 patrem
946 575 1060 697 taram.
1085 564 1235 651 Nonius,

272 679 368 764 Bua,
386 702 444 771 pro
455 679 610 770 potiones

320 785 386 857 Vel
397 784 544 859 maxime
554 783 625 859 illic
637 782 743 860 didici
758 762 884 860 sitienti
894 762 1004 862 videri
1014 810 1132 887 aquam
1146 786 1235 863 mus·
1303 810 1307 817 ·

246 904 250 911 ’
269 894 366 986 sum,
386 893 544 969 esurienti
561 915 682 991 panem
705 892 894 988 cibarium,
918 900 958 973 δι
975 899 1161 977 exercitato
1177 898 1236 971 so·

267 1028 388 1079 nanum
409 1004 558 1080 suavem.
580 1009 672 1077 Non.
688 1000 862 1082 Cibarium.

317 1110 387 1213 Alii
407 1114 564 1188 adferunt
584 1114 693 1197 libum
716 1137 757 1194 aa
776 1114 967 1193 mmndam.
988 1121 1080 1196 Non.
1102 1124 1234 1194 Turum

267 1221 312 1289 da
335 1211 511 1291 &Libum
829 1210 846 1266 s
1260 1284 1266 1299 .

331 1326 449 1418 Quare
477 1322 684 1397 meliusculae
701 1347 794 1399 cura
815 1324 1071 1406 eonsuetudinis
1095 1328 1236 1426 puerilis
1386 1372 1389 1381 .

266 1434 426 1520 illorum,
452 1433 603 1537 quisuis
629 1432 758 1510 catellis
783 1435 970 1511 ministrant
985 1439 1094 1537 quod
1122 1440 1236 1517 edent.

265 1549 358 1623 Νοιι.
376 1550 544 1633 Catelli.

329 1654 458 1728 Pueros
484 1608 677 1771 impuberes
702 1674 918 1754 compertum
944 1655 1015 1746 est,
1035 1657 1059 1731 fi
1086 1658 1234 1755 plurimo
1332 1753 1337 1763 Ι

269 1746 406 1842 cibo
373 1766 550 1865 mmioque
574 1766 697 1839 somno
719 1786 916 1857 uterentur,
933 1770 1121 1845 hebetiores
1140 1768 1235 1843 fieti·

266 1878 542 2001 advertimusque
571 1877 650 1955 hinc
675 1874 754 1948 elici
778 1858 991 1967 tarditatem,
1018 1903 1234 1975 corporaque
1410 1962 1411 1977 χ

266 2011 388 2062 eorum
408 1987 589 2082 inprocera
607 1982 698 2071 sieri,
715 1983 893 2081 minusque
918 1985 1119 2060 adolescere.
1142 1990 1234 2062 Idem
1318 2060 1321 2067 ,
1410 2070 1411 2077 1

230 2093 422 2192 tplerique
445 2093 503 2167 alii
527 2093 765 2181 Medicorum,
788 2093 1169 2191 Phiiosophotumque,
1197 2100 1236 2170 dc
1275 2166 1286 2179 ,

265 2206 316 2279 Μ.
343 2202 493 2277 Varro
482 2227 518 2276 ιιι
544 2201 760 2301 Logistorico
789 2202 939 2301 scripsit,
965 2203 1025 2300 qui
1055 2204 1235 2301 inscriptus

266 2312 317 2386 est
340 2316 440 2403 Caro,
458 2330 517 2387 aut
536 2313 579 2386 de
598 2310 714 2387 liberis
741 2311 934 2455 educandis
961 2320 1011 2389 A.
1032 2314 1157 2386 Gellius
1175 2316 1232 2385 u'b
1315 2412 1318 2415 ¹
1409 2358 1410 2369 ι

7 2426 14 2451 ’
164 2484 168 2492 -
250 2427 326 2515 W,
340 2450 462 2522 ωιυι

103 2564 110 2575 ·
319 2536 469 2608 Fortuna
494 2531 528 2606 se
550 2531 631 2607 ilios
654 2556 728 2608 non
755 2549 873 2608 natura
900 2529 1079 2628 prestare,
1101 2527 1235 2629 stquid

266 2645 320 2720 his
339 2645 454 2718 danim
475 2643 516 2716 fit
532 2642 753 2718 esculentum.
768 2649 857 2716 Non.
881 2643 1096 2736 Esculcmum.

316 2754 399 2835 Eain
421 2762 588 2835 nutricem
610 2782 751 2860 oportet
768 2761 833 2836 esse
852 2761 1114 2856 adolescentem:
1134 2756 1234 2831 anuis

264 2875 356 2951 enim
377 2891 416 2948 ut
437 2872 566 2970 sanguis
583 2872 757 2964 deterior,
769 2874 888 2948 sclao
900 2872 1090 2958 Lacenim,
1102 2890 1140 2945 ut
1159 2872 1234 2969 qui·

219 2974 225 3079 ²,
262 2990 342 3064 dam
356 2982 642 3081 dicuntPhysrci,
667 2983 839 3082 sanguinis
860 2983 974 3082 spuma
998 2983 1055 3057 est.
1074 2988 1232 3119 Nonius,

263 3101 374 3174 Anuis
386 3122 473 3192 ,pru
495 3118 588 3166 aaut.

310 3211 368 3282 Ut·
378 3205 458 3281 cibo
474 3223 589 3278 utatur
602 3200 742 3277 modico
758 3202 796 3277 de
810 3200 959 3295 idoneo,
968 3219 1007 3276 ut
1021 3201 1107 3279 vitet
1118 3201 1233 3309 acria,

260 3318 300 3389 ur
315 3312 368 3387 est
387 3314 511 3411 sinapi,
534 3337 641 3409 cepa,
663 3309 791 3387 allium.
817 3314 907 3383 Νοιι.
929 3316 1020 3407 Cepa.

309 3428 358 3499 Ut
383 3424 513 3499 faciunt
537 3426 732 3522 pleraque,
759 3441 799 3499 ut
826 3424 1006 3498 adhibeant
1034 3419 1232 3517 praecentri·

259 3558 339 3627 ces,
358 3558 423 3608 nec
444 3533 580 3608 medico
600 3532 794 3612 ostendunt.
813 3539 904 3609 Non.
926 3537 1135 3609 Ριιιιιιιιιιὶιιι
1193 3596 1196 3603 .

310 3644 441 3718 Omnes
451 3663 562 3729 emm
558 3668 629 3740 qut
619 3641 847 3740 loquuntur,
859 3643 980 3719 habere
994 3643 1118 3720 debent
1129 3638 1261 3744 quos

210 3788 211 3791 ’
262 3755 340 3833 dem
358 3751 476 3831 melos·
496 3756 587 3830 Non.
608 3757 723 3829 Melos
