2834 4567
218 405 226 419 ,
289 364 336 457 4⁶
410 305 415 310 ’
486 357 782 435 usreunuru
807 358 1044 434 vinuouts
1125 399 1127 404 .
1240 317 1250 340 ’

289 521 463 609 Alteram,
492 521 740 608 Romanulam,
761 546 837 619 quae
861 521 908 593 est
937 521 1022 595 dieta
1050 522 1093 596 ab
1123 526 1248 614 Roma;
1320 533 1332 548 “

289 658 366 729 quae
383 632 481 705 babet
500 631 620 728 gradus
642 630 677 702 in
697 630 829 705 navalia
845 632 887 702 ad
903 633 1065 730 Volupiae
1083 633 1252 713 sacellum.

289 742 407 818 Tertia
424 741 472 814 est
494 742 641 815 lanualis
663 741 748 813 uitta
770 740 812 812 ab
832 743 938 827 Jano;
958 746 995 818 δι
1017 741 1096 817 ideo
1118 744 1165 816 ibi
1186 769 1273 842 poa

288 853 388 927 fituut
408 851 480 927 lani
500 851 628 948 tignum
640 903 653 938 ,
665 852 704 925 &
718 848 771 944 ius
790 848 977 922 institutum
991 876 1009 923 a
1025 853 1137 925 Numa
1147 853 1251 926 Pont-

289 961 378 1060 pilio
391 1014 403 1052 ,
415 979 453 1033 ut
473 957 588 1033 scribit
604 960 640 1031 in
656 958 832 1032 annalibus
853 962 890 1031 L.
910 958 1012 1048 Piso,
1032 976 1070 1030 ut
1091 959 1131 1032 fit
1144 960 1252 1035 clausa
1375 1007 1378 1014 -

290 1070 441 1166 semper,
459 1068 520 1141 nisi
541 1093 620 1142 curn
637 1068 759 1141 bellum
776 1067 826 1143 fir.
842 1067 1011 1164 Nusquam
1026 1069 1184 1142 traditum
1205 1067 1253 1139 est

289 1177 485 1267 memoriae,
500 1175 675 1274 Pompilio
687 1201 765 1274 rege
783 1175 877 1249 suitle
891 1195 1056 1273 apertam:
1070 1183 1107 1251 &
1122 1177 1196 1273 post
1207 1178 1252 1249 T.

291 1286 425 1361 Manlio
439 1285 599 1376 consule,
617 1285 709 1359 bello
725 1285 991 1381 Carthaginiensi
1008 1285 1119 1380 primo
1137 1284 1253 1359 conse·

292 1396 371 1482 tto,
393 1394 566 1468 &eodem
579 1418 672 1465 anno
687 1414 846 1488 apertam.
866 1394 971 1488 Super
989 1392 1135 1464 lectuleis
1147 1392 1254 1489 origi·

293 1531 371 1593 nes,
382 1529 465 1603 quas
479 1505 630 1594 adverti,
641 1504 703 1576 hae.
719 1505 871 1592 Lectica,
887 1504 981 1600 quod
1004 1503 1174 1598 legebant,
1188 1527 1255 1572 un·

294 1615 420 1687 decant
442 1613 610 1703 facerent,
624 1615 801 1688 stramenta
821 1632 920 1712 atque
942 1615 1080 1699 herbas,
1095 1631 1132 1683 ut
1153 1612 1253 1683 etiam

293 1745 386 1795 nunc
406 1719 445 1793 sit
464 1720 499 1792 in
514 1719 656 1794 cattreis.
676 1721 804 1810 lectos,
822 1747 864 1793 ue
885 1721 986 1794 essent
1004 1722 1038 1793 in
1057 1742 1161 1809 terra,
1180 1719 1256 1792 sub-
1313 1805 1317 1810 Ι

294 1830 392 1902 limes
409 1829 446 1902 in
460 1830 532 1904 heis
546 1831 732 1926 ponebant.
744 1830 814 1901 Nisr
828 1832 870 1901 ab
883 1853 927 1902 eo
940 1885 951 1919 ,
964 1833 1057 1928 quod
1071 1830 1183 1904 Graeci
1197 1852 1256 1900 arr·

293 1938 382 2035 tiqui
409 1938 565 2012 dicebant
591 1952 730 2031 λέκτρον,
752 1938 872 2009 lectum
901 1940 1024 2030 potius.
1042 1929 1142 2033 quam
1162 1935 1257 2009 te'ei·
1308 1993 1327 2002 .,

295 2074 369 2123 carn
390 2050 486 2146 quod
504 2048 751 2135 involvebant,
765 2048 859 2140 quod
881 2046 949 2118 sere
972 2044 1258 2117 stramentaerant

294 2156 456 2253 elegere,
470 2155 663 2252 Segeslriam
676 2154 865 2252 appellant,
880 2174 917 2227 ut
932 2156 1032 2226 etiam
1048 2154 1187 2227 nuncin
1201 2177 1258 2226 ca·

127 2319 131 2328 .
246 2319 249 2336 .
295 2261 487 2346 streis.‚Nisr
504 2262 694 2337 aGraecei's.
711 2287 787 2335 narn
805 2260 1031 2358 gtyaqpouubi
1052 2262 1258 2356 letlusmor·

296 2370 348 2443 tui
361 2369 488 2457 sertor,
510 2371 674 2446 dicebant.
690 2369 848 2446 feretrum
865 2373 970 2447 notlri
980 2425 991 2462 ,
1007 2373 1120 2452 Graeci
1138 2384 1260 2470 φέςτρον

295 2483 499 2570 xaltpeptrpov.
511 2481 730 2581 Posteaquam
741 2484 940 2556 tranlieruut
950 2484 991 2556 ad
1002 2484 1153 2572 culcitas,
1164 2479 1259 2577 quod

297 2590 332 2663 in
345 2614 383 2662 ea
392 2589 502 2688 sagum
513 2645 523 2680 ,
533 2612 591 2664 aut
605 2611 796 2665 tomentum
805 2645 818 2681 ,
827 2591 963 2682 aliudve
976 2591 1057 2689 quid
1072 2591 1259 2681 calcabant,

298 2697 342 2769 ab
365 2697 571 2771 inculcando
590 2699 723 2772 Culcita
737 2699 841 2772 dictat
859 2726 898 2773 ac
913 2700 1076 2797 quidquid
1096 2701 1260 2773 insterne-

302 2805 434 2896 bant,a
453 2806 631 2880 sternendo
644 2808 830 2904 stragulum
846 2809 1069 2985 appellaffnt.
1085 2809 1259 2895 Pulvinar,

300 2915 357 2986 vel
376 2938 394 2985 a
410 2913 573 3010 plumeis,
596 2915 691 2987 vela
715 2916 867 3011 pelluleis
887 2915 972 2986 decli
1000 2937 1107 2988 arunt.
1127 2916 1261 3024 Quibtps

299 3022 564 3118 operiebantur,
578 3024 819 3119 Operitnenta,
841 3027 880 3098 δι
894 3022 1012 3118 pallia,
1026 3021 1197 3124 Opepcula
1210 3028 1261 3096 di·

300 3150 437 3206 xerunt.
461 3135 498 3205 ln
523 3132 593 3205 heis
615 3133 719 3204 multa
739 3135 933 3230 peregrina,
948 3153 985 3206 ut
1005 3135 1146 3232 Sagum,
1161 3138 1261 3208 Reno

233 3285 236 3290 ·
302 3243 394 3315 Galli
417 3241 501 3341 quid
518 3267 758 3342 gaunacutnnta
778 3242 849 3338 ejus
868 3241 1050 3341 sagum,&
1065 3243 1262 3338 Amphima-

301 3353 387 3440 lon,
409 3356 552 3428 Graecat
572 3373 692 3429 contra
718 3355 871 3449 Latinum
897 3356 1044 3443 Torale,
1062 3353 1155 3449 quod
1182 3373 1261 3425 ante

193 3529 199 3536 .
303 3474 436 3548 torum,
453 3457 493 3534 be
503 3461 617 3533 Totus
635 3485 655 3534 a
671 3481 800 3549 torro,
815 3459 910 3559 quod
924 3460 951 3531 is
974 3462 1009 3531 in
1029 3480 1199 3554 promptu.
1218 3458 1262 3531 ab

302 3566 365 3639 hac
386 3565 599 3643 fintilirudine
617 3570 795 3645 Torvinus
812 3572 847 3643 in
866 3571 1014 3642 mulieris
1027 3569 1135 3663 capite
1156 3593 1262 3642 orna·

303 3693 369 3749 tus.
389 3676 479 3768 Quia
502 3676 643 3772 fimplici
668 3677 840 3752 scansione
859 3679 1058 3752 scandebant
1083 3677 1118 3748 in
1139 3679 1262 3752 lectum

304 3806 378 3857 nott
404 3783 532 3877 altum,
558 3785 772 3875 Scabellum3
802 3788 839 3860 in
864 3786 1046 3881 altiorem,
1070 3787 1262 3864 Scamnum.
