2834 4567
432 362 926 477 iracundam
1089 380 1161 465 3„

187 530 291 607 'vina
312 525 410 620 Maiae
434 527 472 601 fit
494 530 531 602 δι
551 526 740 613 Mercurio:
761 526 898 602 lunium
916 549 1086 623 quoquea
1105 531 1166 604 Ju-

212 665 306 713 none
326 640 459 735 potius,
475 663 575 738 quam
598 663 617 709 a
637 635 846 730 junioribus,
860 636 954 732 quod
971 636 1035 706 illo
1055 639 1168 712 meuse

212 750 356 821 maxime
382 749 507 823 lunoni
538 748 686 831 honores
716 746 920 816 habeantur:
953 743 1166 837 Quintilem,

212 860 307 951 quod
331 858 412 931 loco
434 855 499 949 jam
524 858 610 950 apud
635 852 770 931 Latinos
795 852 895 925 fuerit
917 854 1063 950 quinto:
1087 854 1168 928 item
1232 940 1238 951 x

199 965 393 1054 ,Sextilem
409 967 445 1037 &
466 965 621 1060 deinceps
645 964 686 1036 ad
709 963 955 1052 Decembrem,
978 988 997 1035 a
1024 964 1170 1061 numeris

213 1074 418 1170 appellatos:
432 1091 577 1146 ceterum
588 1072 777 1146 Ianuarium
793 1072 1057 1146 &Februarium
1080 1074 1168 1171 post·
1213 1070 1228 1097 '

169 1252 172 1258 t
214 1207 254 1255 ea
280 1180 412 1280 quidem
436 1183 589 1272 additos,
609 1182 663 1254 sed
681 1183 879 1257 nominibus
903 1183 983 1256 item
1004 1208 1046 1255 ex
1071 1184 1170 1259 Latio

182 1368 187 1379 ,
213 1294 348 1380 sumtis;
367 1297 405 1367 δι
424 1293 611 1366 lanuariunt
636 1295 678 1366 ab
704 1297 811 1387 lano,
830 1294 885 1368 cui
907 1294 1085 1370 attributus
1110 1297 1171 1388 est,

214 1427 341 1475 nomen
373 1402 525 1497 traxille,
554 1403 766 1478 februarium
787 1430 806 1480 a
825 1407 967 1505 Februo.
996 1409 1116 1503 Censor.
1132 1412 1171 1480 de

217 1521 285 1590 Die
299 1524 412 1590 natali.
683 1613 703 1649 ⁴*

266 1686 390 1780 Cincio
406 1705 507 1779 etiam
525 1710 636 1777 Varro
652 1703 837 1796 consentit,
852 1705 1032 1797 affirmans,
1047 1705 1107 1780 sub
1120 1733 1173 1782 re·

107 1804 109 1811 '
217 1814 313 1915 gibus
332 1839 395 1886 nec
418 1813 573 1886 Latinum
597 1838 723 1886 nomen
750 1814 912 1904 Veneris,
931 1833 996 1891 nee
1016 1819 1173 1892 Gratum

219 1926 314 1999 suiffe
329 1979 340 2014 ,
356 1926 394 1997 δι
415 1923 494 1993 ideo
511 1944 581 1993 non
602 1921 745 2016 potuille
762 1923 906 1995 mensem
931 1947 949 1996 a
964 1926 1096 1999 Venere
1110 1946 1176 1999 no·

218 2035 348 2112 minari.
365 2036 506 2107 Macrob.
524 2038 579 2108 lib.
600 2038 619 2105 1
637 2038 857 2106 Saturnalium
877 2063 945 2130 cap.
965 2063 1011 2110 12.

366 2182 373 2227 k
690 2150 710 2186 ἰ·

269 2248 297 2317 A
311 2243 433 2316 Servio
448 2243 565 2330 Tullio
581 2243 749 2317 nundinas
763 2240 927 2318 institutas
940 2243 1088 2319 Varroni
1101 2245 1175 2344 pla·
1198 2252 1203 2258 “

137 2402 147 2429 a
222 2373 288 2429 cet.
306 2356 446 2444 Ibidem,
470 2381 535 2448 cap.
561 2380 601 2450 ¹3.
769 2370 773 2378 “

688 2452 709 2489 ⁴}

271 2548 535 2642 Antiquiffimam
558 2545 663 2642 legent
685 2542 778 2616 suillo
802 2542 938 2619 incisam
961 2542 998 2617 in
1019 2536 1177 2620 columna

223 2683 309 2731 area
325 2682 344 2729 a
363 2659 401 2727 L.
414 2654 548 2727 Pinario
569 2657 607 2727 δι
625 2652 725 2727 Furio
742 2652 834 2729 Coff.
851 2655 906 2730 cui
923 2653 1054 2728 mentio
1075 2653 1178 2730 inter·

225 2764 340 2839 calaris
357 2761 558 2837 inscribitur.
579 2764 709 2834 Ibidem.

692 2872 712 2909 ,ξ
742 2880 744 2883 ,

275 2967 324 3039 Ut
345 2967 420 3038 Idus
450 2989 569 3038 omnes
593 2963 693 3051 lovi,
716 2963 762 3038 ita
788 2988 907 3038 omnes
931 2963 1101 3039 Kalendas
1124 2967 1181 3073 lu·
1206 2937 1212 2948 Ι

228 3074 315 3149 noni
336 3075 484 3147 tributas,
510 3103 577 3169 cap.
596 3078 644 3148 15.

694 3186 715 3220 {-

253 3276 491 3352 lullauratitius
499 3276 595 3351 diesa
608 3272 906 3373 redintegratione,
915 3291 951 3348 ut
961 3274 1110 3349 Varroni
1120 3277 1183 3372 pla·

105 3466 113 3500 ζ
229 3407 296 3479 cet,
312 3388 372 3491 qui
389 3386 565 3461 instaurare
579 3389 625 3460 ait
636 3387 714 3475 elle,
729 3383 829 3458 inssar
847 3374 987 3460 novare.
999 3389 1052 3458 lib.
1064 3391 1095 3475 I,
1107 3413 1134 3458 c.
1146 3413 1184 3463 u.

700 3508 719 3541 “⁴
1296 3544 1309 3591 r

280 3594 557 3684 Floralium,tton
567 3594 811 3681 Floraliorum‚
822 3592 867 3669 ait
879 3594 1008 3683 Varro,
1021 3617 1098 3666 cum
1113 3562 1203 3665 nott¹

232 3706 334 3780 ludos
360 3705 523 3791 Florales,
543 3702 599 3775 sed
621 3703 730 3802 ipsum
756 3702 872 3778 festum
896 3703 1039 3777 floralia
1061 3699 1184 3801 fignifi-

234 3839 333 3894 catet.
351 3823 406 3890 rid.
429 3821 464 3907 1,
481 3843 547 3910 cap.
564 3843 611 3908 4,
