2834 4567
268 286 351 445 sno
496 342 547 416 u.
572 341 793 416 rentum
818 343 1057 420 vtnnours

278 504 398 580 evellit
414 528 433 577 a
450 504 718 596 consuetudine,
732 529 810 579 curn
828 531 847 579 a
865 507 946 580 cibo
963 508 1105 605 pristino
1121 507 1159 581 in
1172 527 1243 582 tne·'

276 617 399 691 liorem
421 613 584 688 traducit:
601 613 646 689 tie
661 615 696 688 in
718 614 905 708 majoribus
924 619 1156 716 loquendo„a
1179 616 1249 692 mi·'

277 749 342 798 nus
357 722 570 798 commodeis
589 724 722 796 verbeis
740 725 780 796 ad
799 750 863 817 ea,
885 751 962 825 quae
987 727 1063 802 sunt
1085 755 1163 805 cum
1186 756 1244 803 ra·
1346 719 1349 724 ’

275 833 396 925 tione,
416 825 552 907 modice
567 834 745 908 traducere
761 855 911 930 oportet.
932 862 1009 912 cum
1028 836 1092 910 lint
1105 839 1140 910 in
1156 862 1244 913 con·

274 944 452 1019 suetudine
469 963 591 1020 contra
607 944 775 1020 rationem
792 945 857 1022 alia
878 947 1003 1035 verba,
1018 950 1065 1022 ita
1083 967 1121 1021 ut
1135 974 1174 1023 ea
1192 949 1243 1023 fa·

276 1055 343 1130 cile
363 1055 441 1128 tolli
461 1053 605 1150 poffintz
619 1054 702 1143 alia,
716 1074 754 1126 ut
775 1054 955 1130 videantur
978 1057 1042 1131 esse
1062 1057 1150 1150 fixa,
1165 1084 1243 1157 qur.

274 1163 399 1237 leviter
416 1162 569 1252 haerent,
586 1188 626 1237 ee
645 1163 715 1235 stne
728 1162 918 1238 offentone
933 1170 1136 1242 commutari
1161 1168 1243 1266 pos·

273 1274 349 1347 lint.
367 1272 400 1344 Si
410 1271 501 1345 enirn
517 1274 559 1344 ad
572 1273 741 1346 rationem
756 1274 881 1375 corrigi
899 1295 1058 1373 oportet,
1072 1302 1150 1374 quae
1167 1300 1243 1352 rron

274 1384 317 1457 ad
336 1383 502 1455 rationem
519 1380 615 1471 sunt,
632 1380 679 1454 ita
698 1403 736 1454 ut
751 1382 788 1456 in
806 1384 980 1477 presentia
997 1386 1168 1483 corrigere
1182 1410 1243 1459 ne·

275 1516 393 1590 queas:
413 1487 498 1588 quin
514 1488 560 1562 ita
581 1490 690 1574 dicas,
710 1491 781 1565 heis
801 1512 959 1589 oportet,
977 1494 1002 1567 li
1023 1494 1147 1591 poffis,
1168 1519 1243 1569 non

274 1600 402 1693 utilio
424 1597 515 1672 eninr
534 1598 771 1692 obsolescent,
793 1627 832 1676 ac
856 1602 972 1699 postea
989 1602 1056 1699 jam
1078 1603 1243 1677 oblitera-

273 1734 308 1785 ta
329 1709 463 1784 facilius
482 1708 611 1808 corrigi
627 1728 798 1806 poterunt.
818 1712 914 1804 Quas
932 1737 1045 1787 novas
1064 1711 1162 1788 verbi
1182 1712 1243 1785 de·
1307 1803 1310 1808 ¹

275 1817 478 1893 clinationes
499 1817 633 1892 ratione
653 1816 861 1890 introdudas
881 1818 1016 1915 respuet
1040 1820 1178 1907 sorum,
1198 1819 1241 1892 iis

275 1925 362 1999 boni
374 1926 660 2022 poetae,maxime
672 1923 820 2014 scaenici,
831 1927 1076 2000 consuetudine
1089 1926 1241 2024 subigere

273 2038 382 2111 aureis
393 2036 514 2133 populi
525 2037 658 2108 debent.
671 2037 769 2130 quod
783 2057 896 2131 poetae
909 2039 1052 2110 multum
1066 2039 1192 2131 possint
1202 2038 1241 2113 in

271 2147 361 2236 hoc,
371 2166 513 2242 propter
523 2168 583 2216 eos
594 2145 748 2240 quedam
763 2145 867 2217 verba
882 2146 918 2218 in
930 2146 1159 2220 declinatione
1171 2171 1240 2220 me·
1338 2209 1341 2212 .

271 2254 511 2350 lius,quaedant
526 2252 672 2325 deterius
683 2251 854 2326 dicuntur.
861 2253 1087 2329 Consuetudo
1101 2253 1241 2352 loquen-

272 2363 306 2434 di
322 2362 369 2434 est
386 2361 422 2432 in
433 2378 543 2433 motu.
555 2359 668 2457 itaque
681 2358 768 2434 solet
780 2356 854 2433 fieri
869 2385 915 2434 ex
927 2360 1069 2440 meliore
1083 2361 1241 2437 deterior.

272 2473 417 2547 meliora
439 2469 545 2542 ve'rba
568 2492 744 2565 perperam
769 2468 855 2543 dieta
876 2470 967 2568 apud
991 2469 1154 2568 antiquos
1175 2468 1240 2542 ali·

224 2621 227 2629 λ
273 2609 381 2681 quos,
396 2604 536 2678 propter
552 2598 670 2678 poetas
683 2604 757 2653 non
771 2582 879 2653 modo
898 2605 989 2655 nunc
1009 2582 1168 2654 dicuntur
1182 2605 1241 2651 re·

273 2697 348 2783 de,
370 2690 550 2765 sedetiam
573 2716 650 2788 quae
669 2690 802 2764 ratione
822 2691 908 2763 dida
934 2689 1009 2762 sunt
1032 2708 1124 2777 tum,
1147 2712 1240 2763 nunc

273 2826 450 2901 perperam
472 2801 644 2874 dicuntur.
660 2802 799 2893 Quare,
817 2800 876 2898 qui
895 2800 938 2872 ad
959 2795 1240 2871 consuetudinem

273 2937 340 2986 nos
366 2929 515 3001 vocant,
536 2909 559 2983 fi
583 2911 625 2984 ad
645 2912 790 3000 tedam,
808 2910 998 3007 sequamur.
1015 2906 1059 2979 in
1078 2930 1123 2980 eo
1147 2906 1240 2980 eninr

271 3047 415 3124 quoque
436 3019 485 3094 est
512 3021 679 3120 analogia.
699 3019 726 3093 fi
743 3021 786 3094 ad
807 3045 880 3093 eam
901 3019 1077 3102 invitent,
1096 3043 1171 3116 quae
1191 3019 1240 3092 est

272 3136 475 3232 depravata,
501 3129 609 3202 nihilo
636 3128 744 3229 magis
770 3128 959 3225 sequemur.
985 3126 1046 3200 nisi
1069 3153 1150 3201 cum
1174 3127 1240 3201 erit

272 3242 402 3318 necesse
411 3296 423 3332 ,
433 3241 552 3339 sequar
565 3241 601 3313 in
615 3238 756 3316 cetereis
770 3237 868 3311 rebus
880 3236 968 3310 mala
981 3237 1146 3335 exempla.
1160 3260 1239 3311 nanr

271 3380 312 3429 ea
330 3377 491 3452 quoque,
509 3373 590 3426 cunr
608 3351 730 3450 aliqua
742 3351 795 3425 vis
808 3369 922 3449 urget,
937 3350 1041 3424 inviti
1057 3350 1239 3446 sequimur.

272 3464 396 3559 Neque
412 3461 503 3535 enim
518 3463 686 3562 Lysrppus
702 3459 869 3536 artificum
885 3459 1038 3557 priorum
1058 3458 1174 3555 potius
1190 3459 1241 3534 est

272 3571 398 3648 vitiosa
429 3572 581 3663 secutus,
604 3599 706 3669 quam
733 3595 860 3648 artem:
886 3573 932 3649 sic
956 3570 1103 3670 populus
1127 3571 1239 3646 facere

270 3685 390 3770 debet,
410 3685 508 3757 etiam
527 3685 668 3783 srnguli,
689 3686 759 3759 tine
775 3684 962 3758 offensrone
976 3681 1072 3780 quod
1091 3678 1149 3753 fiat
1170 3703 1239 3776 po·

270 3793 363 3894 puli,
385 3792 446 3895 qui
470 3792 584 3868 amilla
606 3794 715 3871 modo
738 3812 912 3892 quaerant,
934 3791 990 3866 sed
1013 3788 1115 3864 etiam
1139 3786 1237 3889 quod
