2834 4567
378 330 942 405 tuntnnuuvtt
1077 327 1145 432 ης

541 492 677 594 Pagina.
705 521 782 568 112.

229 637 274 702 lin.
294 658 320 723 ς.
343 642 410 701 Dua
426 641 502 700 uerba
518 639 547 697 in
563 646 708 721 quatitan]
733 637 823 700 Locus
842 636 881 700 est
904 637 1050 715 obscurus,
1068 645 1147 719 eujus

186 719 293 814 sensum
303 725 339 782 ita
349 724 496 818 concipio:
514 719 542 816 Sl
551 739 613 781 earn
626 721 781 802 analogiam
792 720 1023 862 sequernur‚guae
1036 743 1092 819 non
1108 724 1146 786 est

187 823 216 859 tn
232 804 435 873 consuetudine,
451 823 479 860 ut
493 800 610 884 quisque
623 802 680 861 duo
691 802 780 862 verba
796 801 903 862 finitent
913 800 962 862 sun
982 819 1032 863 rtet
1044 826 1073 864 tn
1084 826 1149 887 qua·

186 900 249 944 tuot
264 885 382 965 obliquis
400 882 521 956 talibus,
536 884 666 964 quamvis
684 883 728 943 illa
751 884 851 943 merito
870 885 1091 965 repudiaremus,
1106 904 1149 948 ta·
1278 939 1282 952 .

187 986 251 1025 men
269 984 347 1025 erunt
362 965 516 1045 sequenda,
531 983 562 1025 ut
576 964 720 1046 juppiter,
733 964 892 1045 Marspiter,
910 966 984 1026 resto
1004 966 1066 1028 casu
1085 967 1148 1030 sunt

184 1045 298 1107 similia:
316 1068 332 1106 a
347 1048 446 1129 quibus
465 1046 486 1107 st
509 1048 569 1126 quis
585 1045 740 1106 conformet
765 1045 862 1106 suuiles
884 1065 1000 1128 quatuor
1017 1049 1149 1129 obliquos

187 1126 277 1200 casus,
294 1127 448 1209 Juppitrls‚
461 1127 599 1208 Juppitri‚
615 1126 788 1209 Juppitretu,
806 1117 837 1189 bt
856 1127 997 1212 Juppitte,
1011 1130 1043 1190 ὃ(
1057 1130 1148 1193 Mars·

187 1210 264 1287 pltris
285 1213 341 1270 otc.
369 1209 451 1290 idque
471 1227 556 1292 genus
570 1209 710 1292 ¹analogian
733 1210 761 1268 in
782 1213 924 1270 communi
946 1209 1078 1272 sermonis
1100 1212 1151 1274 usu

185 1288 277 1349 servet
298 1291 328 1352 ὃ(
348 1290 489 1371 sequatur,
505 1311 556 1372 pro
580 1290 677 1350 insano
695 1289 728 1350 stt
743 1290 989 1373 reprehendendus.
1007 1291 1150 1372 Quamvis

184 1372 258 1430 enim
277 1370 376 1453 poffint
390 1374 491 1434 habere
515 1370 591 1433 casus
610 1374 738 1452 obliquos
759 1373 939 1446 nonninus,
957 1393 1150 1457 quampatet,

158 1514 161 1528 ¹
185 1467 292 1525 mater,
303 1470 397 1514 tamen
412 1463 582 1535 repugnante
596 1452 792 1514 consuetudine
808 1456 951 1515 communi
965 1477 1024 1517 non
1037 1460 1148 1518 utimur.

183 1532 312 1594 Poma,
1145 1586 1149 1593 .

224 1614 271 1673 lin.
296 1633 342 1676 to.
359 1616 414 1673 Sed
433 1612 512 1672 etiam
531 1612 566 1669 ab
589 1611 714 1694 iisdem]
743 1611 809 1672 Hoc
823 1612 906 1674 dicit:
929 1614 963 1674 ln
978 1614 1151 1679 diffimilibus
1199 1607 1209 1624 ‘

185 1694 275 1774 magis
295 1692 334 1753 est
350 1693 491 1774 analogia3
511 1707 592 1772 atque
607 1692 693 1752 etiam
710 1693 747 1752 ab
767 1691 861 1753 iisdem
882 1695 1027 1755 vocabulis
1042 1695 1151 1779 fingun.

188 1789 231 1832 tur
251 1772 401 1838 diffinita:
420 1792 509 1853 neque
530 1787 670 1833 tantuma
690 1771 859 1834 diffimilibus
874 1772 989 1849 similia,
1007 1775 1052 1836 sed
1067 1781 1150 1839 etiam

186 1854 293 1915 eadem.
313 1852 358 1913 Est
377 1870 469 1915 autem
492 1851 589 1934 ellipsis
602 1856 734 1936 antiqua,
760 1858 851 1937 Neque
867 1878 886 1913 a
907 1854 1092 1933 diffinilibust
1103 1880 1151 1920 cu·

185 1935 231 2013 jus
248 1935 373 2016 exempla
391 1937 420 1994 in
438 1931 688 2009 jurisconsultorum
706 1937 781 2014 libris
802 1938 918 2020 plurima
934 1937 1007 1999 dotti
1027 1940 1082 2000 viri
1100 1961 1150 2002 an·

186 2033 323 2078 notarunt.
339 2016 469 2078 ΡοΡΜΔ.

226 2097 271 2158 lin.
294 2116 341 2179 23.
360 2100 422 2160 Cura
445 2100 502 2158 dau
521 2089 577 2179 sirit
594 2099 704 2179 Alta]
732 2097 935 2178 Quintilianus
956 2099 1004 2164 lib.
1031 2119 1043 2161 1
1065 2100 1151 2162 utitur

185 2198 297 2259 quoque
315 2181 367 2240 hoc
384 2179 511 2261 exemplo
527 2178 661 2241 adversus
677 2181 842 2262 analogiam.
860 2184 936 2261 Quid
950 2203 1029 2256 ueto,
1049 2185 1150 2267 inquit,

185 2280 241 2338 qun
257 2275 312 2324 tota
321 2263 461 2342 posttbonis
477 2259 587 2339 ejusdem
603 2261 631 2318 in
647 2261 765 2339 diuerfirs
776 2264 869 2339 flexus
878 2267 996 2324 exeunt?
1015 2267 1079 2327 Cum
1096 2267 1150 2325 Al-

188 2341 223 2400 ba
232 2339 323 2421 fluebat
333 2343 499 2402 Albanos&
515 2341 664 2419 Albenses,
685 2343 753 2402 Volo
769 2344 842 2401 valta
857 2343 999 2405 buoloni.
1009 2344 1064 2407 Sed
1075 2346 1148 2408 Vas,

55 2435 59 2440 ’
185 2444 218 2482 ro
235 2421 582 2496 diffitn'tlitudinisuausain
599 2424 642 2483 liic
654 2420 773 2483 ostendit
784 2470 794 2498 ,
805 2444 888 2502 quarn
905 2423 1042 2485 Charifius
1060 2427 1146 2508 expli-

186 2502 287 2564 rathis
303 2505 412 2567 verbis:
433 2503 539 2562 Albani
565 2502 686 2563 dicuntur
704 2505 738 2563 ab
754 2505 830 2564 Alba
839 2528 853 2577 ‚·
864 2505 992 2583 Albenses
1011 2527 1097 2566 autem
1112 2511 1148 2568 ab

187 2586 263 2644 Alba
278 2587 410 2647 Fucente:
423 2584 501 2666 eujus
524 2583 560 2650 rei
578 2583 682 2664 causant
707 2588 792 2646 Varro
806 2587 846 2644 ait
861 2584 924 2664 effe,
939 2588 1010 2664 quod
1023 2590 1051 2646 in
1067 2605 1149 2648 natu·

185 2666 288 2726 ratibus
305 2667 453 2726 nominibus
470 2682 571 2732 tanturn
580 2667 703 2746 servatur
721 2666 862 2747 analogia,
877 2668 907 2724 in
928 2667 1087 2728 uoluntariis
1103 2692 1148 2729 ue.

186 2768 214 2805 ro
229 2749 376 2829 negligitur.
391 2750 467 2808 Nan
481 2764 510 2806 ut
522 2768 541 2804 a
554 2749 641 2807 Roma
655 2748 792 2808 Romanus
810 2748 924 2824 dieitur,
938 2771 957 2810 a
971 2749 1047 2809 Nola
1059 2750 1147 2811 Nata.

186 2849 255 2902 nus,
269 2831 305 2888 ab
322 2829 425 2889 Atellis
446 2828 609 2905 Atellanus,
616 2830 657 2909 fic
669 2827 852 2890 Albanas-at
871 2831 946 2890 Alba
959 2831 1012 2891 alei
1025 2833 1104 2892 debet.
1119 2832 1149 2891 t'n

185 2909 236 2965 itta
257 2927 342 2970 autent
357 2914 468 2971 liuenti
483 2909 619 2970 Albanan
634 2911 797 2991 conservatur
811 2913 880 2988 bec,
932 2913 1084 2973 adulterius
1098 2935 1147 2974 no.

186 2992 253 3048 nine
274 2993 472 3073 cognominetur.
501 2990 629 3074 Intelliglt
647 3011 741 3060 autem
765 2993 858 3054 locutu
886 2936 1020 3054 binariis
1041 2994 1088 3056 lib.
1108 2994 1146 3055 8:

186 3069 277 3152 Ituqree
294 3075 323 3131 in
347 3074 505 3133 uoluntariis
526 3074 745 3134 declinationibus
767 3074 941 3157 inconstantia
954 3076 1004 3155 est,
1020 3074 1050 3133 t‘n
1071 3095 1148 3138 natu·

186 3151 287 3213 talibus
302 3155 455 3232 conflantia.
473 3151 604 3215 POPMA.

184 3231 192 3252 '
227 3235 275 3294 lin.
294 3233 340 3295 26.
362 3234 394 3293 Si
410 3256 444 3295 ex
457 3235 613 3316 dinastia]
636 3236 682 3294 Sic
697 3257 732 3294 ex
751 3234 810 3295 aiv.
825 3236 1016 3299 Auuusula.

226 3315 274 3378 lin.
301 3336 348 3390 27.
365 3317 394 3374 A
407 3315 470 3388 luo,
486 3315 593 3396 tuan]
614 3317 660 3374 Ab
671 3317 716 3374 luo
731 3316 813 3376 luam.
827 3316 928 3380 loun.

226 3397 272 3459 lin.
291 3395 328 3458 28
340 3394 379 3476 sq.
399 3397 534 3455 Liberalia
547 3400 574 3457 Cr
587 3396 758 3477 muliebria]
774 3395 1047 3481 Legendumffirilia
1058 3399 1148 3460 fanu·

187 3480 286 3541 liebtia.
305 3498 371 3538 nam
383 3475 523 3558 scripserat
538 3478 662 3539 librarius
677 3479 783 3556 birilta,
803 3480 875 3544 uude
897 3481 1001 3545 saelum
1017 3480 1146 3543 liberalia.

187 3564 324 3625 Senatu.

539 3653 662 3754 Pagina
717 3680 796 3752 ιη.

227 3765 337 3872 liu.¹29.
353 3787 478 3868 Alban]
501 3785 594 3871 Mag.
608 3784 708 3870 scalig.
729 3788 835 3851 Gallus.
