2834 4567
163 329 170 342 ’
311 383 380 466 ua,
401 383 579 456 usuoua
603 381 778 502 nauus
803 386 883 459 ua.
909 387 997 459 vlu.
1074 412 1140 485 139
1181 389 1187 396 ·

176 541 309 623 verbeis
331 546 482 622 limiliter
500 547 696 622 declinaleis
709 549 827 625 fimilia
846 549 1002 625 declinat.
1024 553 1142 644 Quare
1186 519 1207 628 ⁴.

177 681 250 730 non
268 657 377 731 solum
389 657 426 729 in
448 657 646 734 vocabuleis
661 659 832 731 literarum
848 683 919 732 non
939 660 1011 734 haec
1030 660 1142 757 requi·
1284 725 1288 736 .

176 768 280 840 reoda
293 765 470 866 analogia,
484 765 541 840 sed
555 792 598 838 ne
611 767 645 838 in
658 765 784 866 syllaba
802 767 938 864 quidem
952 768 1032 841 ulla.
1046 769 1142 866 quod

160 875 322 949 dicimus
340 877 410 950 hoc
433 877 496 968 ab,
519 875 619 974 huius
639 876 705 948 ab:
728 876 773 950 fic
792 877 866 950 alia.
889 876 1044 969 Quodn
1066 875 1144 974 quis

174 985 212 1059 in
233 988 305 1059 hoc
327 1010 467 1086 quoque
489 986 573 1059 velit
598 987 711 1060 dicere
734 987 800 1061 effe
820 989 993 1088 analogias
1012 1014 1143 1076 rerum;

175 1117 294 1173 tenere
307 1100 432 1196 potest:
447 1119 484 1174 ut
494 1101 584 1175 enim
598 1099 718 1175 dicunt
735 1099 796 1196 ipsi
806 1099 868 1171 alia
882 1100 1035 1186 nomina,
1048 1098 1145 1197 quod

176 1210 331 1307 quinque
348 1210 472 1284 habent
493 1209 633 1308 figuras,
648 1211 771 1284 habere
784 1209 934 1307 quinque
953 1209 1064 1299 casus,
1078 1206 1144 1281 alia

176 1333 360 1412 quattuor,
376 1317 421 1391 slc
442 1317 555 1390 minus
578 1316 664 1403 alia;
682 1315 795 1390 dicere
813 1335 975 1412 poterunt
989 1316 1054 1388 effe
1069 1316 1143 1388 lite·

176 1451 229 1500 ras
247 1452 293 1501 ¹ac
316 1428 461 1527 syllabas
481 1429 517 1501 io
533 1420 646 1519 voce,
664 1454 743 1526 quae
763 1427 911 1526 fingulos
936 1428 1061 1499 habent
1087 1452 1146 1500 ca·

177 1535 255 1609 sun
273 1541 312 1608 ln
335 1537 436 1610 rebus
461 1538 661 1633 plurimus,
681 1538 970 1633 quemadmodum
995 1537 1084 1610 inter
1110 1535 1143 1608 se

177 1646 375 1718 conferrent
393 1671 453 1736 ea,
466 1672 543 1743 quae
558 1667 744 1742 quaternos
757 1647 929 1720 habebunt
946 1646 1145 1722 vocabuleis

179 1754 294 1839 casus;
312 1754 393 1825 item
414 1778 454 1825 ea
472 1754 562 1826 inter
582 1753 621 1843 sel
634 1772 839 1849 quaternos;
860 1754 923 1842 lic,
937 1779 1014 1851 quae
1036 1756 1147 1852 singu·

177 1865 233 1937 los
254 1863 447 1946 habebunt.
467 1883 506 1935 ut
525 1862 705 1937 conferant
728 1861 816 1935 inter
836 1863 893 1935 se:
916 1864 1087 1953 dicentes,
1107 1884 1147 1936 ut
1282 1867 1287 1905 ¹

96 2042 99 2046 .
178 1974 219 2047 fit
239 1973 309 2048 hoc
332 1977 382 2063 Α,
402 1972 501 2074 hujus
522 1978 572 2063 Α,
596 1973 662 2047 effe
680 1973 749 2045 hoc
764 1974 813 2064 E,
827 1971 926 2066 hujus
948 1978 995 2063 Ε,
1010 1972 1089 2046 huic
1106 1977 1147 2048 E.

180 2082 288 2175 Quod
300 2082 418 2155 dicunt
430 2134 442 2172 ‚
453 2081 518 2154 else
533 2081 688 2180 quaedam
702 2083 824 2171 verba,
839 2107 916 2180 quae
932 2083 1076 2156 habeant
1088 2083 1147 2158 de-

179 2193 343 2286 clinatus,
358 2216 396 2267 ut
413 2213 535 2291 caput;
556 2218 702 2291 quorum
717 2219 794 2291 pars
811 2195 951 2292 reperiri
964 2195 1060 2294 quod
1071 2220 1146 2290 non

181 2300 301 2396 pomi,
320 2325 392 2373 non
409 2302 474 2374 effe
494 2302 687 2400 analogias:
703 2302 974 2398 respondendum
998 2304 1067 2377 fine
1084 2304 1146 2378 du·

178 2408 260 2496 bio,
280 2408 327 2496 fi,
342 2409 438 2506 quod
451 2408 499 2481 est
515 2408 680 2506 singulare
694 2410 864 2499 verbum,
882 2407 919 2480 id
937 2433 1010 2480 non
1023 2410 1157 2483 habere'
1261 2433 1262 2436 ’

178 2516 370 2614 analogias:
389 2517 567 2611 minimum
582 2518 653 2590 duo
667 2515 733 2594 effe
746 2519 851 2590 verba
862 2518 1007 2602 debent,
1021 2517 1057 2588 in
1071 2517 1147 2614 qui·

178 2626 242 2698 bus
261 2626 301 2698 fit
323 2626 520 2700 limilimdo.
536 2650 641 2724 quare
662 2626 699 2697 in
713 2625 782 2699 hoc
800 2626 929 2699 tollunt
946 2624 1011 2698 effe
1028 2625 1146 2699 analo·

18 2733 24 2750 ⁴
179 2734 275 2831 giasl
297 2735 351 2827 {ed
377 2734 478 2810 initio
506 2736 716 2810 vocabulum
736 2735 828 2808 redo
852 2737 929 2810 casu
949 2754 1087 2831 apparet
1108 2735 1145 2810 in
1225 2790 1240 2822 .·

179 2844 274 2933 hoel,
294 2845 404 2937 Quod
425 2845 518 2919 dedit
536 2847 585 2919 ira
605 2867 724 2942 caput,
738 2871 801 2921 nec
823 2845 978 2943 dispendi
998 2846 1078 2921 facit
1094 2846 1147 2918 hi·

178 2951 262 3024 lum.
283 2953 390 3044 Quod
407 2952 520 3042 valet,
541 2976 652 3050 neque
670 2951 833 3048 dispendii
847 2952 929 3027 facit
952 2952 1146 3052 quidquam.

179 3061 274 3133 ldem
283 3062 352 3135 hoc
365 3062 513 3160 obliquo
522 3063 611 3159 apud
624 3062 799 3152 Plautum,
813 3062 926 3135 Video
944 3059 1035 3133 enim
1047 3080 1081 3132 te
1093 3059 1147 3132 ni-

179 3171 242 3244 hili
258 3172 404 3268 pendere
414 3172 694 3269 praePhilolache
712 3194 832 3244 omnes
853 3169 1023 3243 homines.
1037 3169 1145 3261 Quod
1159 3253 1164 3262 .

179 3308 225 3356 eu
237 3306 281 3355 ne
293 3281 333 3356 δι
347 3280 431 3355 hili:
448 3307 554 3383 quare
574 3282 682 3355 didus
703 3280 751 3354 est
768 3279 897 3370 Nihili,
912 3278 971 3378 qui
987 3301 1059 3351 non
1074 3277 1146 3354 hili.

178 3394 279 3466 habet
297 3390 391 3466 casus
402 3408 497 3484 tum,
517 3417 595 3467 cum
608 3407 857 3479 commutatur,
871 3389 994 3486 dequo
1011 3388 1146 3464 dicitur.

179 3503 237 3577 De
254 3501 406 3575 homine.
422 3501 562 3576 dicimus
579 3503 694 3591 enim,
709 3501 766 3574 hic
786 3500 894 3572 homo
915 3498 1014 3571 nihili
1027 3499 1093 3588 eu,
1107 3501 1147 3573 δι

178 3611 280 3704 hujus
299 3611 452 3688 hominis
472 3612 569 3686 nihili
576 3615 644 3702 ,ἃ
665 3611 759 3684 hunc
779 3608 955 3683 hominem
978 3609 1089 3682 nihili.
1111 3607 1146 3679 si
1165 3607 1169 3630 '

179 3721 215 3795 in
234 3724 297 3796 illo
318 3741 607 3799 commutaremus
614 3748 626 3811 3
640 3721 852 3809 diceremus,
872 3735 909 3793 ut
930 3721 999 3792 hoc
1012 3717 1145 3806 linum,

179 3834 219 3909 δι
235 3834 434 3930 limum,fic
447 3832 617 3927 nihilum,
631 3857 705 3909 non
719 3830 776 3908 hic
788 3829 909 3924 nihili,
922 3832 961 3905 δι
974 3827 1055 3904 huic
1071 3824 1145 3899 lino
