2834 4567
406 324 975 436 rurcueuru'
1072 379 1144 467 3m

145 614 149 625 s
175 523 318 617 pelamis
338 524 610 619 Chalcedonius,
625 551 780 601 muraena
806 529 997 625 Tarteffia,

176 636 282 710 Aseni
300 638 524 730 Pescinuntii,
539 636 648 713 ostrea
670 638 881 734 Tarentina,

175 745 400 823 Pedunculus
420 747 548 835 Chius,
563 749 686 851 helops
704 750 893 849 Rhodius,

110 860 114 879 '
177 857 269 931 §cari
289 857 437 949 Cilices,
455 883 558 935 nuces
581 859 736 951 Thafiae,
869 888 875 899 ·

175 964 290 1039 Palma
310 966 492 1064 Egyptia,
509 967 603 1067 §aas
626 965 766 1044 iberica.

176 1083 227 1150 A.
245 1077 328 1149 Gall.
346 1079 400 1150 lib.
421 1083 510 1168 VII,
529 1107 599 1174 cap.
619 1104 672 1152 21.

84 1190 88 1199 ⁴
208 1184 258 1272 'Si
282 1218 446 1298 quantum
467 1225 584 1298 opere
601 1199 742 1274 sumsisti
754 1255 767 1290 ,
790 1220 829 1276 ut
848 1219 927 1279 tuus
947 1201 1055 1303 pistor
1077 1205 1152 1281 bo-'

175 1331 258 1380 num
272 1307 556 1406 facererpanem,
574 1309 647 1406 ejus
663 1310 900 1386 duodecimam
915 1314 1147 1413 Philosophiae

78 1482 81 1493 .
175 1418 338 1511 dediffes,
358 1419 427 1516 ipse
446 1420 559 1495 bonus
581 1417 782 1516 jampridem
804 1420 884 1496 ess’es
902 1420 1020 1498 fadus.
1042 1427 1161 1502 Nunc.

174 1525 272 1599 illum
282 1580 296 1616 ,
312 1529 371 1623 qui
391 1547 520 1601 norunt
529 1582 543 1617 ,
559 1529 685 1600 volunt
698 1551 812 1625 emere
824 1530 974 1605 millibus
990 1552 1148 1611 centum:
1191 1624 1195 1629 .

176 1654 211 1707 te
227 1634 427 1732 quinovit,
446 1658 551 1709 nemo
569 1634 736 1709 cemuffist
754 1641 843 1709 Idem
862 1641 916 1710 lib.
931 1642 1024 1732 XV,
1038 1670 1064 1727 c,
1079 1671 1124 1740 ¹9·

351 1851 526 1920 ΠΕΡΙ
569 1848 977 1965 ΕΞΑΓΩΓΗΣ.

650 1970 671 2007 e

227 2075 336 2172 Quod
356 2100 441 2177 puer
462 2075 624 2181 rogaffet,
639 2079 679 2154 δι
696 2078 862 2175 petasatus
884 2078 996 2177 capite
1014 2078 1150 2155 annuis·

23 2232 26 2247 ·
126 2234 130 2245 ι
178 2186 247 2281 set,
263 2213 303 2264 ac
317 2187 509 2279 discedens,
523 2200 671 2262 numero
688 2189 736 2263 ait
758 2184 877 2269 'venire
889 2187 1150 2269 adolescentem.

180 2303 271 2372 Non.
294 2302 464 2373 Numerus.

229 2412 346 2504 Quam
366 2407 592 2510 sympathiam
614 2389 723 2481 tunitii
745 2404 788 2481 ad
812 2407 935 2482 oculos
958 2408 1150 2501 haberent,

178 2517 265 2616 quid
278 2520 456 2619 inguinum
480 2518 665 2610 intereffet,
679 2541 822 2615 puerum
837 2536 953 2591 utrum
970 2517 1069 2593 essem
1092 2520 1150 2593 de·
1282 2514 1286 2520 ’

181 2628 389 2730 virginatem
417 2628 559 2719 usurus,
584 2654 628 2704 an
646 2653 796 2704 monuce
820 2632 917 2721 dcitur
939 2653 1044 2728 purus
1069 2628 1151 2704 dum

182 2737 311 2835 cogito.
333 2744 421 2811 Non.
441 2743 600 2835 Virgines.
833 2812 841 2827 ,

230 2851 425 2942 Quemnam
448 2870 482 2922 te
501 2845 566 2921 effe
589 2844 729 2922 dicam?
746 2846 850 2934 feram
865 2843 926 2947 qui
944 2871 1049 2923 manu
1068 2871 1150 2923 cor·

182 2959 277 3054 poris
301 2958 453 3033 fervidos
475 2957 585 3055 aperis
611 2959 703 3033 lacus
731 2957 924 3060 sanguinis,
947 2979 1051 3057 teque
1077 2961 1153 3034 vita

67 3135 69 3153 ,
184 3070 278 3147 levas
297 3070 410 3147 ferreo
422 3070 512 3152 ease.
531 3077 619 3145 Non.
639 3077 774 3162 letare,
786 3100 848 3168 pro
866 3075 1014 3145 minuere.

232 3181 317 3254 Non
332 3181 582 3278 vituperamus,
601 3210 678 3258 cum
693 3184 836 3261 sciamus
846 3180 993 3278 digitum
1011 3176 1152 3276 praecidi
1169 3266 1172 3275 ¹

184 3310 369 3385 oportere,
389 3290 474 3364 srob
496 3316 568 3364 eam
592 3317 663 3364 rem
678 3313 945 3390 gangraenauon
965 3288 1005 3362 fit
1020 3289 1063 3362 ad
1074 3288 1154 3363 bra·

186 3400 298 3473 chium
320 3412 472 3476 ventura.
491 3408 581 3477 Non.
597 3407 791 3501 Gargraena.
852 3432 856 3443 ·

234 3514 276 3582 Et
292 3511 415 3611 quaerit
433 3514 558 3584 ibidem
583 3514 626 3583 ab
649 3511 841 3597 Annibaie‚
855 3534 917 3585 cut
931 3507 1056 3582 biberit
1077 3510 1152 3583 me&

184 3620 438 3698 dicamentumd
453 3621 547 3719 Quia
565 3624 897 3725 Roman'ffloquit,
911 3622 1081 3696 Prusiades
1097 3642 1154 3694 me
1188 3668 1193 3683 ·
1299 3694 1304 3703 .

187 3736 318 3808 tradere
337 3734 489 3812 volebat.
511 3741 599 3811 Nora.
622 3736 899 3809 Medicamentum.

237 3843 457 3918 Andromeda
479 3845 613 3938 vindo,
632 3847 670 3919 δι
684 3845 860 3943 propofita
881 3860 960 3921 ceto
971 3894 985 3941 ,
997 3864 1072 3916 uon
1093 3838 1155 3918 dee·
