<?xml version="1.0" encoding="UTF-8"?>
<!DOCTYPE html PUBLIC "-//W3C//DTD XHTML 1.0 Transitional//EN"
    "http://www.w3.org/TR/xhtml1/DTD/xhtml1-transitional.dtd">
<html xmlns="http://www.w3.org/1999/xhtml" xml:lang="en" lang="en">
 <head>
  <title>
</title>
<meta http-equiv="Content-Type" content="text/html;charset=utf-8" />
  <meta name='ocr-system' content='tesseract 3.04.00' />
  <meta name='ocr-capabilities' content='ocr_page ocr_carea ocr_par ocr_line ocrx_word'/>
</head>
<body>
  <div class='ocr_page' id='page_1' title='image "./mtervarronisdel00bipogoog/mtervarronisdel00bipogoog_0048.png"; bbox 0 0 2834 4567; ppageno 0'>
   <div class='ocr_carea' id='block_1_1' title="bbox 304 337 1184 446">
    <p class='ocr_par' dir='ltr' id='par_1_1' title="bbox 304 337 1184 446">
     <span class='ocr_line' id='line_1_1' title="bbox 304 337 1184 446; baseline 0.007 -24"><span class='ocrx_word' id='word_1_1' title='bbox 304 364 333 446; x_wconf 66' lang='lat' dir='ltr'>r4</span> <span class='ocrx_word' id='word_1_2' title='bbox 512 347 563 424; x_wconf 79' lang='lat' dir='ltr'>M.</span> <span class='ocrx_word' id='word_1_3' title='bbox 588 344 808 423; x_wconf 71' lang='grc' dir='ltr'>τιιιιιῑιιτιι</span> <span class='ocrx_word' id='word_1_4' title='bbox 833 337 1072 427; x_wconf 73' lang='grc' dir='ltr'>νιιιιιοῖιιε</span> <span class='ocrx_word' id='word_1_5' title='bbox 1180 353 1184 357; x_wconf 75' lang='grc'><em>’</em></span> 
     </span>
    </p>
   </div>
   <div class='ocr_carea' id='block_1_2' title="bbox 300 507 1278 1051">
    <p class='ocr_par' dir='ltr' id='par_1_2' title="bbox 300 507 1278 1051">
     <span class='ocr_line' id='line_1_2' title="bbox 305 507 1277 618; baseline 0.01 -33"><span class='ocrx_word' id='word_1_6' title='bbox 305 509 379 585; x_wconf 82' lang='lat' dir='ltr'>heis</span> <span class='ocrx_word' id='word_1_7' title='bbox 397 507 511 584; x_wconf 84' lang='lat' dir='ltr'>libreis</span> <span class='ocrx_word' id='word_1_8' title='bbox 532 509 724 606; x_wconf 86' lang='lat' dir='ltr'>promiscue</span> <span class='ocrx_word' id='word_1_9' title='bbox 744 510 876 602; x_wconf 83' lang='lat' dir='ltr'>dicam,</span> <span class='ocrx_word' id='word_1_10' title='bbox 889 511 945 586; x_wconf 86' lang='lat' dir='ltr'>sed</span> <span class='ocrx_word' id='word_1_11' title='bbox 964 515 1088 618; x_wconf 81' lang='lat' dir='ltr'>exilius</span> <span class='ocrx_word' id='word_1_12' title='bbox 1105 515 1148 589; x_wconf 90' lang='lat' dir='ltr'>de</span> <span class='ocrx_word' id='word_1_13' title='bbox 1163 518 1277 616; x_wconf 82' lang='lat' dir='ltr'>poste-</span> 
     </span>
     <span class='ocr_line' id='line_1_3' title="bbox 304 619 1278 728; baseline 0.011 -32"><span class='ocrx_word' id='word_1_14' title='bbox 304 622 409 697; x_wconf 84' lang='lat' dir='ltr'>riore.</span> <span class='ocrx_word' id='word_1_15' title='bbox 435 623 525 715; x_wconf 80' lang='lat' dir='ltr'>Quae</span> <span class='ocrx_word' id='word_1_16' title='bbox 544 620 624 695; x_wconf 87' lang='lat' dir='ltr'>ideo</span> <span class='ocrx_word' id='word_1_17' title='bbox 649 619 727 718; x_wconf 78' lang='lat' dir='ltr'>sunt</span> <span class='ocrx_word' id='word_1_18' title='bbox 746 622 911 714; x_wconf 85' lang='lat' dir='ltr'>obseura,</span> <span class='ocrx_word' id='word_1_19' title='bbox 929 627 1025 722; x_wconf 92' lang='lat' dir='ltr'>quod</span> <span class='ocrx_word' id='word_1_20' title='bbox 1038 651 1149 728; x_wconf 83' lang='lat' dir='ltr'>neque</span> <span class='ocrx_word' id='word_1_21' title='bbox 1162 621 1278 707; x_wconf 87' lang='lat' dir='ltr'>omnis</span> 
     </span>
     <span class='ocr_line' id='line_1_4' title="bbox 302 730 1276 839; baseline 0.008 -32"><span class='ocrx_word' id='word_1_22' title='bbox 302 731 481 830; x_wconf 79' lang='lat' dir='ltr'>impositio</span> <span class='ocrx_word' id='word_1_23' title='bbox 498 730 685 805; x_wconf 88' lang='lat' dir='ltr'>verborum</span> <span class='ocrx_word' id='word_1_24' title='bbox 705 731 827 821; x_wconf 81' lang='lat' dir='ltr'>exstat,</span> <span class='ocrx_word' id='word_1_25' title='bbox 843 734 939 832; x_wconf 91' lang='lat' dir='ltr'>quod</span> <span class='ocrx_word' id='word_1_26' title='bbox 954 738 1100 813; x_wconf 82' lang='lat' dir='ltr'>vetustas</span> <span class='ocrx_word' id='word_1_27' title='bbox 1119 741 1276 839; x_wconf 83' lang='lat' dir='ltr'>quasdam</span> 
     </span>
     <span class='ocr_line' id='line_1_5' title="bbox 300 842 1276 950; baseline 0.003 -29"><span class='ocrx_word' id='word_1_28' title='bbox 300 845 454 921; x_wconf 86' lang='lat' dir='ltr'>delevit:</span> <span class='ocrx_word' id='word_1_29' title='bbox 469 869 533 919; x_wconf 88' lang='lat' dir='ltr'>nec</span> <span class='ocrx_word' id='word_1_30' title='bbox 552 869 629 942; x_wconf 80' lang='lat' dir='ltr'>quae</span> <span class='ocrx_word' id='word_1_31' title='bbox 650 842 777 934; x_wconf 84' lang='lat' dir='ltr'>exstat,</span> <span class='ocrx_word' id='word_1_32' title='bbox 791 843 859 918; x_wconf 77' lang='lat' dir='ltr'>ime</span> <span class='ocrx_word' id='word_1_33' title='bbox 881 845 1010 919; x_wconf 89' lang='lat' dir='ltr'>mendo</span> <span class='ocrx_word' id='word_1_34' title='bbox 1031 849 1145 926; x_wconf 85' lang='lat' dir='ltr'>omnis</span> <span class='ocrx_word' id='word_1_35' title='bbox 1160 851 1276 950; x_wconf 86' lang='lat' dir='ltr'>impo-</span> 
     </span>
     <span class='ocr_line' id='line_1_6' title="bbox 301 953 1275 1051; baseline 0.007 -23"><span class='ocrx_word' id='word_1_36' title='bbox 301 954 380 1029; x_wconf 83' lang='lat' dir='ltr'>fita:</span> <span class='ocrx_word' id='word_1_37' title='bbox 395 979 458 1028; x_wconf 85' lang='lat' dir='ltr'>nec</span> <span class='ocrx_word' id='word_1_38' title='bbox 472 977 549 1051; x_wconf 76' lang='lat' dir='ltr'>quae</span> <span class='ocrx_word' id='word_1_39' title='bbox 559 956 646 1028; x_wconf 77' lang='lat' dir='ltr'>reue</span> <span class='ocrx_word' id='word_1_40' title='bbox 660 953 708 1027; x_wconf 88' lang='lat' dir='ltr'>est</span> <span class='ocrx_word' id='word_1_41' title='bbox 723 953 892 1051; x_wconf 73' lang='lat' dir='ltr'>imposita,</span> <span class='ocrx_word' id='word_1_42' title='bbox 903 958 1019 1030; x_wconf 73' lang='lat' dir='ltr'>cunda</span> <span class='ocrx_word' id='word_1_43' title='bbox 1034 962 1275 1036; x_wconf 64' lang='lat' dir='ltr'>maneronta</span> 
     </span>
    </p>
   </div>
   <div class='ocr_carea' id='block_1_3' title="bbox 299 1064 1398 1170">
    <p class='ocr_par' dir='ltr' id='par_1_3' title="bbox 299 1064 1398 1170">
     <span class='ocr_line' id='line_1_7' title="bbox 299 1064 1398 1170; baseline 0.011 -31"><span class='ocrx_word' id='word_1_44' title='bbox 299 1067 394 1148; x_wconf 88' lang='lat' dir='ltr'>enim</span> <span class='ocrx_word' id='word_1_45' title='bbox 418 1066 524 1138; x_wconf 87' lang='lat' dir='ltr'>verba</span> <span class='ocrx_word' id='word_1_46' title='bbox 547 1064 673 1140; x_wconf 85' lang='lat' dir='ltr'>litereis</span> <span class='ocrx_word' id='word_1_47' title='bbox 696 1068 935 1142; x_wconf 84' lang='lat' dir='ltr'>commutateis</span> <span class='ocrx_word' id='word_1_48' title='bbox 951 1068 1026 1164; x_wconf 63' lang='lat' dir='ltr'>{unt</span> <span class='ocrx_word' id='word_1_49' title='bbox 1046 1071 1275 1170; x_wconf 86' lang='lat' dir='ltr'>interpolata:</span> <span class='ocrx_word' id='word_1_50' title='bbox 1385 1091 1398 1106; x_wconf 56' lang='lat'>&#39;¹</span> 
     </span>
    </p>
   </div>
   <div class='ocr_carea' id='block_1_4' title="bbox 179 1174 1345 2691">
    <p class='ocr_par' dir='ltr' id='par_1_4' title="bbox 244 1174 1345 2150">
     <span class='ocr_line' id='line_1_8' title="bbox 276 1174 1275 1278; baseline 0.006 -25"><span class='ocrx_word' id='word_1_51' title='bbox 276 1201 414 1278; x_wconf 60' lang='lat' dir='ltr'>«neque</span> <span class='ocrx_word' id='word_1_52' title='bbox 428 1176 542 1250; x_wconf 86' lang='lat' dir='ltr'>omnis</span> <span class='ocrx_word' id='word_1_53' title='bbox 559 1176 659 1275; x_wconf 84' lang='lat' dir='ltr'>origo</span> <span class='ocrx_word' id='word_1_54' title='bbox 679 1174 726 1248; x_wconf 86' lang='lat' dir='ltr'>est</span> <span class='ocrx_word' id='word_1_55' title='bbox 742 1176 865 1250; x_wconf 84' lang='lat' dir='ltr'>nostrae</span> <span class='ocrx_word' id='word_1_56' title='bbox 879 1177 1003 1276; x_wconf 73' lang='lat' dir='ltr'>linguae</span> <span class='ocrx_word' id='word_1_57' title='bbox 1023 1206 1046 1254; x_wconf 91' lang='lat' dir='ltr'>e</span> <span class='ocrx_word' id='word_1_58' title='bbox 1062 1183 1275 1260; x_wconf 83' lang='lat' dir='ltr'>vernaculeis</span> 
     </span>
     <span class='ocr_line' id='line_1_9' title="bbox 300 1285 1274 1380; baseline 0.006 -18"><span class='ocrx_word' id='word_1_59' title='bbox 300 1286 435 1368; x_wconf 85' lang='lat' dir='ltr'>verbeis</span> <span class='ocrx_word' id='word_1_60' title='bbox 446 1312 455 1360; x_wconf 77' lang='lat' dir='ltr'>t</span> <span class='ocrx_word' id='word_1_61' title='bbox 466 1288 504 1366; x_wconf 76' lang='grc' dir='ltr'>δι</span> <span class='ocrx_word' id='word_1_62' title='bbox 518 1285 624 1359; x_wconf 90' lang='lat' dir='ltr'>multa</span> <span class='ocrx_word' id='word_1_63' title='bbox 640 1285 742 1360; x_wconf 83' lang='lat' dir='ltr'>verba</span> <span class='ocrx_word' id='word_1_64' title='bbox 753 1286 844 1360; x_wconf 89' lang='lat' dir='ltr'>aliud</span> <span class='ocrx_word' id='word_1_65' title='bbox 860 1313 953 1362; x_wconf 86' lang='lat' dir='ltr'>nunc</span> <span class='ocrx_word' id='word_1_66' title='bbox 967 1285 1168 1380; x_wconf 84' lang='lat' dir='ltr'>ostendunt,</span> <span class='ocrx_word' id='word_1_67' title='bbox 1180 1294 1274 1368; x_wconf 85' lang='lat' dir='ltr'>aliud</span> 
     </span>
     <span class='ocr_line' id='line_1_10' title="bbox 298 1392 1345 1495; baseline 0.001 -23"><span class='ocrx_word' id='word_1_68' title='bbox 298 1419 378 1475; x_wconf 88' lang='lat' dir='ltr'>ante</span> <span class='ocrx_word' id='word_1_69' title='bbox 391 1392 620 1495; x_wconf 77' lang='lat' dir='ltr'>significabant</span> <span class='ocrx_word' id='word_1_70' title='bbox 631 1447 642 1480; x_wconf 87' lang='lat'><strong>,</strong></span> <span class='ocrx_word' id='word_1_71' title='bbox 655 1412 692 1467; x_wconf 92' lang='lat' dir='ltr'>ut</span> <span class='ocrx_word' id='word_1_72' title='bbox 707 1393 835 1469; x_wconf 84' lang='lat' dir='ltr'>Hostis.</span> <span class='ocrx_word' id='word_1_73' title='bbox 858 1422 936 1469; x_wconf 88' lang='lat' dir='ltr'>nam</span> <span class='ocrx_word' id='word_1_74' title='bbox 950 1415 1021 1470; x_wconf 91' lang='lat' dir='ltr'>tum</span> <span class='ocrx_word' id='word_1_75' title='bbox 1036 1424 1081 1474; x_wconf 87' lang='lat' dir='ltr'>eo</span> <span class='ocrx_word' id='word_1_76' title='bbox 1094 1400 1203 1475; x_wconf 86' lang='lat' dir='ltr'>verbo</span> <span class='ocrx_word' id='word_1_77' title='bbox 1219 1401 1273 1474; x_wconf 91' lang='lat' dir='ltr'>di·</span> <span class='ocrx_word' id='word_1_78' title='bbox 1342 1473 1345 1478; x_wconf 78' lang='grc'><strong>,</strong></span> 
     </span>
     <span class='ocr_line' id='line_1_11' title="bbox 298 1502 1273 1603; baseline 0.003 -20"><span class='ocrx_word' id='word_1_79' title='bbox 298 1510 423 1585; x_wconf 86' lang='lat' dir='ltr'>cebant</span> <span class='ocrx_word' id='word_1_80' title='bbox 436 1503 673 1603; x_wconf 86' lang='lat' dir='ltr'>peregrinum,</span> <span class='ocrx_word' id='word_1_81' title='bbox 684 1502 744 1603; x_wconf 89' lang='lat' dir='ltr'>qui</span> <span class='ocrx_word' id='word_1_82' title='bbox 756 1503 842 1577; x_wconf 84' lang='lat' dir='ltr'>sueis</span> <span class='ocrx_word' id='word_1_83' title='bbox 855 1505 983 1603; x_wconf 83' lang='lat' dir='ltr'>legibus</span> <span class='ocrx_word' id='word_1_84' title='bbox 995 1526 1167 1583; x_wconf 90' lang='lat' dir='ltr'>uteretur:</span> <span class='ocrx_word' id='word_1_85' title='bbox 1181 1535 1273 1586; x_wconf 88' lang='lat' dir='ltr'>nuuc</span> 
     </span>
     <span class='ocr_line' id='line_1_12' title="bbox 297 1616 1272 1719; baseline 0.003 -26"><span class='ocrx_word' id='word_1_86' title='bbox 297 1620 421 1693; x_wconf 88' lang='lat' dir='ltr'>dicunt</span> <span class='ocrx_word' id='word_1_87' title='bbox 433 1641 510 1690; x_wconf 90' lang='lat' dir='ltr'>eum</span> <span class='ocrx_word' id='word_1_88' title='bbox 522 1669 534 1704; x_wconf 84' lang='lat'>,</span> <span class='ocrx_word' id='word_1_89' title='bbox 546 1640 646 1712; x_wconf 88' lang='lat' dir='ltr'>quem</span> <span class='ocrx_word' id='word_1_90' title='bbox 662 1636 734 1689; x_wconf 92' lang='lat' dir='ltr'>tum</span> <span class='ocrx_word' id='word_1_91' title='bbox 748 1616 904 1691; x_wconf 84' lang='lat' dir='ltr'>dicebant</span> <span class='ocrx_word' id='word_1_92' title='bbox 917 1619 1137 1713; x_wconf 85' lang='lat' dir='ltr'><strong>perduellem.</strong></span> <span class='ocrx_word' id='word_1_93' title='bbox 1146 1621 1184 1693; x_wconf 85' lang='lat' dir='ltr'>In</span> <span class='ocrx_word' id='word_1_94' title='bbox 1198 1646 1272 1719; x_wconf 91' lang='lat' dir='ltr'>quo</span> 
     </span>
     <span class='ocr_line' id='line_1_13' title="bbox 297 1723 1271 1831; baseline 0.003 -28"><span class='ocrx_word' id='word_1_95' title='bbox 297 1754 422 1831; x_wconf 82' lang='lat' dir='ltr'>genere</span> <span class='ocrx_word' id='word_1_96' title='bbox 441 1723 646 1816; x_wconf 87' lang='lat' dir='ltr'>verborum,</span> <span class='ocrx_word' id='word_1_97' title='bbox 662 1745 700 1799; x_wconf 90' lang='lat' dir='ltr'>ut</span> <span class='ocrx_word' id='word_1_98' title='bbox 720 1727 796 1801; x_wconf 83' lang='lat' dir='ltr'>casu</span> <span class='ocrx_word' id='word_1_99' title='bbox 815 1729 879 1801; x_wconf 88' lang='lat' dir='ltr'>erit</span> <span class='ocrx_word' id='word_1_100' title='bbox 901 1729 1084 1819; x_wconf 79' lang='lat' dir='ltr'>illustrius,</span> <span class='ocrx_word' id='word_1_101' title='bbox 1104 1732 1196 1806; x_wconf 85' lang='lat' dir='ltr'>uude</span> <span class='ocrx_word' id='word_1_102' title='bbox 1213 1734 1271 1806; x_wconf 86' lang='lat' dir='ltr'>vi-</span> 
     </span>
     <span class='ocr_line' id='line_1_14' title="bbox 296 1836 1271 1938; baseline 0.001 -23"><span class='ocrx_word' id='word_1_103' title='bbox 296 1842 371 1915; x_wconf 90' lang='lat' dir='ltr'>deri</span> <span class='ocrx_word' id='word_1_104' title='bbox 395 1838 496 1936; x_wconf 87' lang='lat' dir='ltr'>poffit</span> <span class='ocrx_word' id='word_1_105' title='bbox 517 1836 638 1935; x_wconf 85' lang='lat' dir='ltr'>origo,</span> <span class='ocrx_word' id='word_1_106' title='bbox 660 1837 738 1911; x_wconf 86' lang='lat' dir='ltr'>inde</span> <span class='ocrx_word' id='word_1_107' title='bbox 757 1853 915 1934; x_wconf 75' lang='lat' dir='ltr'><strong>repetam.</strong></span> <span class='ocrx_word' id='word_1_108' title='bbox 940 1845 988 1911; x_wconf 89' lang='lat' dir='ltr'>lta</span> <span class='ocrx_word' id='word_1_109' title='bbox 1008 1837 1083 1912; x_wconf 83' lang='lat' dir='ltr'>fieri</span> <span class='ocrx_word' id='word_1_110' title='bbox 1105 1860 1271 1938; x_wconf 86' lang='lat' dir='ltr'>oportere</span> 
     </span>
     <span class='ocr_line' id='line_1_15' title="bbox 244 1944 1270 2044; baseline 0 -21"><span class='ocrx_word' id='word_1_111' title='bbox 244 1985 248 1996; x_wconf 62' lang='lat'><strong><em>¹</em></strong></span> <span class='ocrx_word' id='word_1_112' title='bbox 297 1964 456 2044; x_wconf 78' lang='lat' dir='ltr'>appare13</span> <span class='ocrx_word' id='word_1_113' title='bbox 470 1944 565 2042; x_wconf 92' lang='lat' dir='ltr'>quod</span> <span class='ocrx_word' id='word_1_114' title='bbox 579 1944 673 2016; x_wconf 69' lang='lat' dir='ltr'>redo</span> <span class='ocrx_word' id='word_1_115' title='bbox 689 1944 764 2016; x_wconf 80' lang='lat' dir='ltr'>casu</span> <span class='ocrx_word' id='word_1_116' title='bbox 777 1969 884 2042; x_wconf 90' lang='lat' dir='ltr'>quom</span> <span class='ocrx_word' id='word_1_117' title='bbox 899 1944 1045 2020; x_wconf 83' lang='lat' dir='ltr'>dicimus</span> <span class='ocrx_word' id='word_1_118' title='bbox 1059 1949 1194 2044; x_wconf 81' lang='lat' dir='ltr'>Impos,</span> <span class='ocrx_word' id='word_1_119' title='bbox 1207 1952 1270 2023; x_wconf 91' lang='lat' dir='ltr'>ob·</span> 
     </span>
     <span class='ocr_line' id='line_1_16' title="bbox 297 2052 1270 2150; baseline -0.001 -16"><span class='ocrx_word' id='word_1_120' title='bbox 297 2058 427 2135; x_wconf 86' lang='lat' dir='ltr'>scurius</span> <span class='ocrx_word' id='word_1_121' title='bbox 445 2053 492 2128; x_wconf 85' lang='lat' dir='ltr'>est</span> <span class='ocrx_word' id='word_1_122' title='bbox 511 2053 607 2138; x_wconf 60' lang='lat' dir='ltr'>effeta</span> <span class='ocrx_word' id='word_1_123' title='bbox 624 2052 795 2148; x_wconf 84' lang='lat' dir='ltr'>potentia,</span> <span class='ocrx_word' id='word_1_124' title='bbox 809 2078 909 2150; x_wconf 86' lang='lat' dir='ltr'>quam</span> <span class='ocrx_word' id='word_1_125' title='bbox 922 2078 1029 2149; x_wconf 89' lang='lat' dir='ltr'>quom</span> <span class='ocrx_word' id='word_1_126' title='bbox 1043 2055 1186 2130; x_wconf 85' lang='lat' dir='ltr'>dicimus</span> <span class='ocrx_word' id='word_1_127' title='bbox 1207 2059 1270 2134; x_wconf 88' lang='lat' dir='ltr'>im·</span> 
     </span>
    </p>

    <p class='ocr_par' dir='ltr' id='par_1_5' title="bbox 179 2158 1292 2589">
     <span class='ocr_line' id='line_1_17' title="bbox 238 2158 1269 2268; baseline 0.004 -28"><span class='ocrx_word' id='word_1_128' title='bbox 238 2213 242 2220; x_wconf 92' lang='lat'>·</span> <span class='ocrx_word' id='word_1_129' title='bbox 295 2188 446 2268; x_wconf 76' lang='lat' dir='ltr'>potemt</span> <span class='ocrx_word' id='word_1_130' title='bbox 469 2165 507 2238; x_wconf 79' lang='grc' dir='ltr'>δι</span> <span class='ocrx_word' id='word_1_131' title='bbox 534 2185 577 2233; x_wconf 92' lang='lat' dir='ltr'>eo</span> <span class='ocrx_word' id='word_1_132' title='bbox 597 2160 774 2234; x_wconf 84' lang='lat' dir='ltr'>obscurius</span> <span class='ocrx_word' id='word_1_133' title='bbox 796 2158 853 2252; x_wconf 83' lang='lat' dir='ltr'>fit,</span> <span class='ocrx_word' id='word_1_134' title='bbox 880 2161 905 2234; x_wconf 80' lang='lat' dir='ltr'>ti</span> <span class='ocrx_word' id='word_1_135' title='bbox 938 2161 1031 2238; x_wconf 82' lang='lat' dir='ltr'>dicas</span> <span class='ocrx_word' id='word_1_136' title='bbox 1052 2188 1140 2261; x_wconf 85' lang='lat' dir='ltr'>pos,</span> <span class='ocrx_word' id='word_1_137' title='bbox 1166 2193 1269 2264; x_wconf 88' lang='lat' dir='ltr'>quam</span> 
     </span>
     <span class='ocr_line' id='line_1_18' title="bbox 213 2269 1270 2375; baseline 0 -23"><span class='ocrx_word' id='word_1_138' title='bbox 213 2353 216 2360; x_wconf 82' lang='grc'>,</span> <span class='ocrx_word' id='word_1_139' title='bbox 296 2279 421 2375; x_wconf 82' lang='lat' dir='ltr'><strong>impos.</strong></span> <span class='ocrx_word' id='word_1_140' title='bbox 439 2271 575 2347; x_wconf 86' lang='lat' dir='ltr'>videtur</span> <span class='ocrx_word' id='word_1_141' title='bbox 591 2269 681 2344; x_wconf 87' lang='lat' dir='ltr'>euim</span> <span class='ocrx_word' id='word_1_142' title='bbox 695 2296 758 2366; x_wconf 84' lang='lat' dir='ltr'>pos</span> <span class='ocrx_word' id='word_1_143' title='bbox 774 2270 955 2370; x_wconf 74' lang='lat' dir='ltr'>significare</span> <span class='ocrx_word' id='word_1_144' title='bbox 973 2273 1088 2370; x_wconf 85' lang='lat' dir='ltr'>potius</span> <span class='ocrx_word' id='word_1_145' title='bbox 1105 2298 1270 2371; x_wconf 81' lang='lat' dir='ltr'>pontem,</span> 
     </span>
     <span class='ocr_line' id='line_1_19' title="bbox 294 2383 1292 2489; baseline -0.001 -26"><span class='ocrx_word' id='word_1_146' title='bbox 294 2413 399 2489; x_wconf 89' lang='lat' dir='ltr'>quam</span> <span class='ocrx_word' id='word_1_147' title='bbox 409 2385 600 2483; x_wconf 71' lang='lat' dir='ltr'>&#39;potentem</span> <span class='ocrx_word' id='word_1_148' title='bbox 612 2383 766 2456; x_wconf 75' lang='lat' dir='ltr'>Vetussas</span> <span class='ocrx_word' id='word_1_149' title='bbox 776 2409 849 2457; x_wconf 89' lang='lat' dir='ltr'>non</span> <span class='ocrx_word' id='word_1_150' title='bbox 863 2409 971 2480; x_wconf 86' lang='lat' dir='ltr'>pauca</span> <span class='ocrx_word' id='word_1_151' title='bbox 984 2383 1166 2481; x_wconf 84' lang='lat' dir='ltr'>depravat,</span> <span class='ocrx_word' id='word_1_152' title='bbox 1178 2390 1268 2464; x_wconf 92' lang='lat' dir='ltr'>mul·</span> <span class='ocrx_word' id='word_1_153' title='bbox 1288 2415 1292 2424; x_wconf 89' lang='lat'><strong>·</strong></span> 
     </span>
     <span class='ocr_line' id='line_1_20' title="bbox 179 2479 1266 2589; baseline -0.001 -17"><span class='ocrx_word' id='word_1_154' title='bbox 179 2565 181 2572; x_wconf 83' lang='lat'>.</span> <span class='ocrx_word' id='word_1_155' title='bbox 294 2520 332 2574; x_wconf 84' lang='lat' dir='ltr'>ta</span> <span class='ocrx_word' id='word_1_156' title='bbox 343 2494 444 2570; x_wconf 86' lang='lat' dir='ltr'>tollit.</span> <span class='ocrx_word' id='word_1_157' title='bbox 464 2496 580 2587; x_wconf 86' lang='lat' dir='ltr'>Quem</span> <span class='ocrx_word' id='word_1_158' title='bbox 595 2516 736 2589; x_wconf 89' lang='lat' dir='ltr'>puerum</span> <span class='ocrx_word' id='word_1_159' title='bbox 753 2491 864 2565; x_wconf 80' lang='lat' dir='ltr'>vidisti</span> <span class='ocrx_word' id='word_1_160' title='bbox 879 2492 1089 2585; x_wconf 81' lang='lat' dir='ltr'>formosum,</span> <span class='ocrx_word' id='word_1_161' title='bbox 1102 2479 1193 2573; x_wconf 70' lang='lat' dir='ltr'>nuuc¹</span> <span class='ocrx_word' id='word_1_162' title='bbox 1208 2499 1266 2571; x_wconf 91' lang='lat' dir='ltr'>vi-</span> 
     </span>
    </p>

    <p class='ocr_par' dir='ltr' id='par_1_6' title="bbox 257 2598 1267 2691">
     <span class='ocr_line' id='line_1_21' title="bbox 257 2598 1267 2691; baseline 0 -11"><span class='ocrx_word' id='word_1_163' title='bbox 257 2684 260 2691; x_wconf 60' lang='lat'><em>,</em></span> <span class='ocrx_word' id='word_1_164' title='bbox 294 2609 354 2684; x_wconf 89' lang='lat' dir='ltr'>des</span> <span class='ocrx_word' id='word_1_165' title='bbox 367 2603 556 2678; x_wconf 83' lang='lat' dir='ltr'>deformem</span> <span class='ocrx_word' id='word_1_166' title='bbox 576 2599 612 2672; x_wconf 87' lang='lat' dir='ltr'>in</span> <span class='ocrx_word' id='word_1_167' title='bbox 632 2598 770 2674; x_wconf 70' lang='lat' dir='ltr'>scaeda.</span> <span class='ocrx_word' id='word_1_168' title='bbox 789 2599 945 2674; x_wconf 89' lang='lat' dir='ltr'>Tertium</span> <span class='ocrx_word' id='word_1_169' title='bbox 959 2600 1108 2676; x_wconf 83' lang='lat' dir='ltr'>seculum</span> <span class='ocrx_word' id='word_1_170' title='bbox 1124 2629 1195 2679; x_wconf 85' lang='lat' dir='ltr'>noo</span> <span class='ocrx_word' id='word_1_171' title='bbox 1210 2606 1267 2680; x_wconf 88' lang='lat' dir='ltr'>vi·</span> 
     </span>
    </p>
   </div>
   <div class='ocr_carea' id='block_1_5' title="bbox 292 2709 1397 2808">
    <p class='ocr_par' dir='ltr' id='par_1_7' title="bbox 292 2709 1397 2808">
     <span class='ocr_line' id='line_1_22' title="bbox 292 2709 1397 2808; baseline -0.006 -16"><span class='ocrx_word' id='word_1_172' title='bbox 292 2720 352 2792; x_wconf 89' lang='lat' dir='ltr'>det</span> <span class='ocrx_word' id='word_1_173' title='bbox 366 2739 443 2787; x_wconf 90' lang='lat' dir='ltr'>eum</span> <span class='ocrx_word' id='word_1_174' title='bbox 456 2709 652 2800; x_wconf 85' lang='lat' dir='ltr'>hominem,</span> <span class='ocrx_word' id='word_1_175' title='bbox 665 2735 768 2808; x_wconf 89' lang='lat' dir='ltr'>quem</span> <span class='ocrx_word' id='word_1_176' title='bbox 782 2709 869 2785; x_wconf 87' lang='lat' dir='ltr'>vidit</span> <span class='ocrx_word' id='word_1_177' title='bbox 883 2711 1042 2808; x_wconf 87' lang='lat' dir='ltr'>primum.</span> <span class='ocrx_word' id='word_1_178' title='bbox 1063 2715 1182 2806; x_wconf 85' lang='lat' dir='ltr'>Quare</span> <span class='ocrx_word' id='word_1_179' title='bbox 1194 2715 1266 2808; x_wconf 87' lang='lat' dir='ltr'>illa,</span> <span class='ocrx_word' id='word_1_180' title='bbox 1358 2795 1359 2798; x_wconf 8' lang='grc' dir='ltr'><strong>Ἴ</strong></span> <span class='ocrx_word' id='word_1_181' title='bbox 1396 2727 1397 2782; x_wconf 80' lang='lat'>3</span> 
     </span>
    </p>
   </div>
   <div class='ocr_carea' id='block_1_6' title="bbox 235 2819 1277 3470">
    <p class='ocr_par' dir='ltr' id='par_1_8' title="bbox 235 2819 1277 3470">
     <span class='ocr_line' id='line_1_23' title="bbox 293 2819 1277 2928; baseline 0.003 -28"><span class='ocrx_word' id='word_1_182' title='bbox 293 2854 372 2928; x_wconf 79' lang='lat' dir='ltr'>quae</span> <span class='ocrx_word' id='word_1_183' title='bbox 386 2825 451 2921; x_wconf 87' lang='lat' dir='ltr'>jam</span> <span class='ocrx_word' id='word_1_184' title='bbox 465 2820 651 2918; x_wconf 85' lang='lat' dir='ltr'>majoribus</span> <span class='ocrx_word' id='word_1_185' title='bbox 665 2822 805 2896; x_wconf 79' lang='lat' dir='ltr'>uostreis</span> <span class='ocrx_word' id='word_1_186' title='bbox 815 2822 939 2897; x_wconf 84' lang='lat' dir='ltr'>ademit</span> <span class='ocrx_word' id='word_1_187' title='bbox 952 2823 1090 2898; x_wconf 80' lang='lat' dir='ltr'>oblivio</span> <span class='ocrx_word' id='word_1_188' title='bbox 1104 2819 1277 2924; x_wconf 63' lang='lat' dir='ltr'>fugitivas</span> 
     </span>
     <span class='ocr_line' id='line_1_24' title="bbox 292 2931 1265 3033; baseline 0 -19"><span class='ocrx_word' id='word_1_189' title='bbox 292 2938 406 3014; x_wconf 84' lang='lat' dir='ltr'>secuta</span> <span class='ocrx_word' id='word_1_190' title='bbox 418 2933 573 3008; x_wconf 86' lang='lat' dir='ltr'>sedulitas</span> <span class='ocrx_word' id='word_1_191' title='bbox 584 2931 844 3007; x_wconf 85' lang='lat' dir='ltr'>Mucii&amp;Bruti</span> <span class='ocrx_word' id='word_1_192' title='bbox 856 2933 1026 3007; x_wconf 87' lang='lat' dir='ltr'>retrahere</span> <span class='ocrx_word' id='word_1_193' title='bbox 1038 2936 1167 3033; x_wconf 86' lang='lat' dir='ltr'>nequit.</span> <span class='ocrx_word' id='word_1_194' title='bbox 1178 2938 1265 3015; x_wconf 88' lang='lat' dir='ltr'>Non</span> 
     </span>
     <span class='ocr_line' id='line_1_25' title="bbox 237 3042 1263 3142; baseline -0.004 -19"><span class='ocrx_word' id='word_1_195' title='bbox 237 3049 243 3056; x_wconf 79' lang='grc'><strong>’</strong></span> <span class='ocrx_word' id='word_1_196' title='bbox 290 3051 320 3123; x_wconf 80' lang='lat' dir='ltr'>ti</span> <span class='ocrx_word' id='word_1_197' title='bbox 338 3073 411 3121; x_wconf 87' lang='lat' dir='ltr'>non</span> <span class='ocrx_word' id='word_1_198' title='bbox 431 3053 580 3142; x_wconf 87' lang='lat' dir='ltr'>potuero</span> <span class='ocrx_word' id='word_1_199' title='bbox 595 3044 775 3140; x_wconf 81' lang='lat' dir='ltr'>indagare,</span> <span class='ocrx_word' id='word_1_200' title='bbox 789 3066 833 3116; x_wconf 93' lang='lat' dir='ltr'>eo</span> <span class='ocrx_word' id='word_1_201' title='bbox 848 3066 910 3115; x_wconf 91' lang='lat' dir='ltr'>ero</span> <span class='ocrx_word' id='word_1_202' title='bbox 924 3042 1076 3131; x_wconf 85' lang='lat' dir='ltr'>tardior;</span> <span class='ocrx_word' id='word_1_203' title='bbox 1089 3045 1145 3118; x_wconf 91' lang='lat' dir='ltr'>sed</span> <span class='ocrx_word' id='word_1_204' title='bbox 1161 3048 1263 3119; x_wconf 86' lang='lat' dir='ltr'>velo-</span> 
     </span>
     <span class='ocr_line' id='line_1_26' title="bbox 235 3150 1263 3251; baseline -0.003 -18"><span class='ocrx_word' id='word_1_205' title='bbox 235 3236 239 3245; x_wconf 67' lang='lat'><em>,</em></span> <span class='ocrx_word' id='word_1_206' title='bbox 290 3160 369 3233; x_wconf 85' lang='lat' dir='ltr'>eior</span> <span class='ocrx_word' id='word_1_207' title='bbox 383 3154 514 3245; x_wconf 82' lang='lat' dir='ltr'>ideo‚s1</span> <span class='ocrx_word' id='word_1_208' title='bbox 527 3154 684 3251; x_wconf 88' lang='lat' dir='ltr'>quivero.</span> <span class='ocrx_word' id='word_1_209' title='bbox 698 3155 782 3227; x_wconf 89' lang='lat' dir='ltr'>Nou</span> <span class='ocrx_word' id='word_1_210' title='bbox 793 3150 995 3226; x_wconf 86' lang='lat' dir='ltr'>mediocreis</span> <span class='ocrx_word' id='word_1_211' title='bbox 1006 3153 1098 3228; x_wconf 87' lang='lat' dir='ltr'>enim</span> <span class='ocrx_word' id='word_1_212' title='bbox 1113 3157 1263 3230; x_wconf 84' lang='lat' dir='ltr'>tenebrae</span> 
     </span>
     <span class='ocr_line' id='line_1_27' title="bbox 291 3263 1262 3361; baseline -0.003 -18"><span class='ocrx_word' id='word_1_213' title='bbox 291 3269 330 3343; x_wconf 85' lang='lat' dir='ltr'>in</span> <span class='ocrx_word' id='word_1_214' title='bbox 350 3270 451 3357; x_wconf 83' lang='lat' dir='ltr'>filua,</span> <span class='ocrx_word' id='word_1_215' title='bbox 464 3264 524 3338; x_wconf 92' lang='lat' dir='ltr'>ubi</span> <span class='ocrx_word' id='word_1_216' title='bbox 544 3265 616 3338; x_wconf 85' lang='lat' dir='ltr'>haec</span> <span class='ocrx_word' id='word_1_217' title='bbox 637 3263 802 3361; x_wconf 86' lang='lat' dir='ltr'>captanda</span> <span class='ocrx_word' id='word_1_218' title='bbox 818 3290 828 3335; x_wconf 79' lang='lat' dir='ltr'>t</span> <span class='ocrx_word' id='word_1_219' title='bbox 843 3287 951 3361; x_wconf 90' lang='lat' dir='ltr'>neque</span> <span class='ocrx_word' id='word_1_220' title='bbox 965 3287 1028 3351; x_wconf 92' lang='lat' dir='ltr'>eo,</span> <span class='ocrx_word' id='word_1_221' title='bbox 1043 3290 1115 3361; x_wconf 91' lang='lat' dir='ltr'>quo</span> <span class='ocrx_word' id='word_1_222' title='bbox 1134 3288 1262 3361; x_wconf 86' lang='lat' dir='ltr'>perve-</span> 
     </span>
     <span class='ocr_line' id='line_1_28' title="bbox 291 3372 1262 3470; baseline -0.002 -21"><span class='ocrx_word' id='word_1_223' title='bbox 291 3377 367 3450; x_wconf 79' lang='lat' dir='ltr'>nire</span> <span class='ocrx_word' id='word_1_224' title='bbox 389 3375 571 3466; x_wconf 78' lang='lat' dir='ltr'>volumus,</span> <span class='ocrx_word' id='word_1_225' title='bbox 587 3373 713 3447; x_wconf 75' lang='lat' dir='ltr'>semitae</span> <span class='ocrx_word' id='word_1_226' title='bbox 733 3372 842 3446; x_wconf 83' lang='lat' dir='ltr'>tritae:</span> <span class='ocrx_word' id='word_1_227' title='bbox 860 3398 970 3470; x_wconf 89' lang='lat' dir='ltr'>neque</span> <span class='ocrx_word' id='word_1_228' title='bbox 991 3398 1065 3444; x_wconf 86' lang='lat' dir='ltr'>uon</span> <span class='ocrx_word' id='word_1_229' title='bbox 1085 3372 1121 3445; x_wconf 85' lang='lat' dir='ltr'>in</span> <span class='ocrx_word' id='word_1_230' title='bbox 1143 3375 1262 3447; x_wconf 87' lang='lat' dir='ltr'>trami-</span> 
     </span>
    </p>
   </div>
   <div class='ocr_carea' id='block_1_7' title="bbox 208 3467 1352 3909">
    <p class='ocr_par' dir='ltr' id='par_1_9' title="bbox 208 3467 1260 3581">
     <span class='ocr_line' id='line_1_29' title="bbox 208 3467 1260 3581; baseline -0.001 -23"><span class='ocrx_word' id='word_1_231' title='bbox 208 3475 213 3490; x_wconf 71' lang='lat'>‘</span> <span class='ocrx_word' id='word_1_232' title='bbox 263 3467 270 3477; x_wconf 57' lang='grc'>’</span> <span class='ocrx_word' id='word_1_233' title='bbox 289 3484 381 3558; x_wconf 83' lang='lat' dir='ltr'>tibus</span> <span class='ocrx_word' id='word_1_234' title='bbox 394 3482 547 3579; x_wconf 74' lang='lat' dir='ltr'>quadam</span> <span class='ocrx_word' id='word_1_235' title='bbox 560 3481 705 3577; x_wconf 74' lang='lat' dir='ltr'>obieeta,</span> <span class='ocrx_word' id='word_1_236' title='bbox 716 3508 791 3581; x_wconf 81' lang='lat' dir='ltr'>quae</span> <span class='ocrx_word' id='word_1_237' title='bbox 804 3501 940 3556; x_wconf 89' lang='lat' dir='ltr'>euntem</span> <span class='ocrx_word' id='word_1_238' title='bbox 956 3480 1101 3554; x_wconf 85' lang='lat' dir='ltr'>retinere</span> <span class='ocrx_word' id='word_1_239' title='bbox 1115 3483 1260 3579; x_wconf 74' lang='lat' dir='ltr'>possent.</span> 
     </span>
    </p>

    <p class='ocr_par' dir='ltr' id='par_1_10' title="bbox 243 3569 1352 3909">
     <span class='ocr_line' id='line_1_30' title="bbox 289 3569 1322 3687; baseline -0.001 -22"><span class='ocrx_word' id='word_1_240' title='bbox 289 3593 468 3687; x_wconf 85' lang='lat' dir='ltr'>Quoniam</span> <span class='ocrx_word' id='word_1_241' title='bbox 492 3593 676 3666; x_wconf 85' lang='lat' dir='ltr'>verborum</span> <span class='ocrx_word' id='word_1_242' title='bbox 699 3618 874 3668; x_wconf 88' lang='lat' dir='ltr'>novorum</span> <span class='ocrx_word' id='word_1_243' title='bbox 896 3595 935 3667; x_wconf 89' lang='lat'>&amp;</span> <span class='ocrx_word' id='word_1_244' title='bbox 956 3607 1113 3663; x_wconf 87' lang='lat' dir='ltr'>veterum</span> <span class='ocrx_word' id='word_1_245' title='bbox 1126 3592 1258 3665; x_wconf 81' lang='lat' dir='ltr'>discor·</span> <span class='ocrx_word' id='word_1_246' title='bbox 1316 3569 1322 3594; x_wconf 24' lang='grc' dir='ltr'><strong>Χ</strong></span> 
     </span>
     <span class='ocr_line' id='line_1_31' title="bbox 243 3699 1258 3799; baseline 0.001 -21"><span class='ocrx_word' id='word_1_247' title='bbox 243 3783 248 3799; x_wconf 35' lang='lat'><strong>¹</strong></span> <span class='ocrx_word' id='word_1_248' title='bbox 289 3706 347 3778; x_wconf 81' lang='lat' dir='ltr'>dia</span> <span class='ocrx_word' id='word_1_249' title='bbox 362 3702 474 3777; x_wconf 86' lang='lat' dir='ltr'>omnis</span> <span class='ocrx_word' id='word_1_250' title='bbox 495 3702 530 3774; x_wconf 90' lang='lat' dir='ltr'>in</span> <span class='ocrx_word' id='word_1_251' title='bbox 549 3703 792 3786; x_wconf 83' lang='lat' dir='ltr'>consuetudine</span> <span class='ocrx_word' id='word_1_252' title='bbox 807 3699 983 3776; x_wconf 86' lang='lat' dir='ltr'>communi</span> <span class='ocrx_word' id='word_1_253' title='bbox 996 3727 1006 3773; x_wconf 77' lang='grc' dir='ltr'><em>τ</em></span> <span class='ocrx_word' id='word_1_254' title='bbox 1020 3720 1107 3798; x_wconf 90' lang='lat' dir='ltr'>quot</span> <span class='ocrx_word' id='word_1_255' title='bbox 1125 3701 1258 3779; x_wconf 88' lang='lat' dir='ltr'>modeis</span> 
     </span>
     <span class='ocr_line' id='line_1_32' title="bbox 286 3807 1352 3909; baseline -0.004 -23"><span class='ocrx_word' id='word_1_256' title='bbox 286 3813 464 3887; x_wconf 78' lang='lat' dir='ltr'>literarum</span> <span class='ocrx_word' id='word_1_257' title='bbox 479 3809 704 3886; x_wconf 87' lang='lat' dir='ltr'>commutatio</span> <span class='ocrx_word' id='word_1_258' title='bbox 718 3809 876 3903; x_wconf 69' lang='lat' dir='ltr'>fitfada,</span> <span class='ocrx_word' id='word_1_259' title='bbox 889 3808 948 3909; x_wconf 88' lang='lat' dir='ltr'>qui</span> <span class='ocrx_word' id='word_1_260' title='bbox 962 3807 1257 3904; x_wconf 81' lang='lat' dir='ltr'>animadverterit,</span> <span class='ocrx_word' id='word_1_261' title='bbox 1350 3877 1352 3882; x_wconf 79' lang='grc'>,</span> 
     </span>
    </p>
   </div>
   <div class='ocr_carea' id='block_1_8' title="bbox 0 0 1422 4567">
    <p class='ocr_par' dir='ltr' id='par_1_11' title="bbox 0 0 1422 4567">
     <span class='ocr_line' id='line_1_33' title="bbox 0 0 1422 4567; baseline 0 6"><span class='ocrx_word' id='word_1_262' title='bbox 0 0 1422 4567; x_wconf 95' lang='lat' dir='ltr'> </span> 
     </span>
    </p>
   </div>
  </div>
 </body>
</html>
