2834 4567
369 365 443 440 ru
492 364 788 463 cinnum
840 365 908 437 vr.
1043 391 1110 441 221

151 524 322 609 superficiem
334 543 412 607 aquae
462 533 605 584 rcurreot.'
619 519 702 601 Quas
717 521 817 603 vulgus
833 521 1003 604 Aquitanum
1019 520 1050 584 ἃ
1068 544 1116 584 ac·

151 610 222 669 colce
248 606 401 671 Garumnae
469 625 531 684 prae
554 619 667 665 vocant.
684 600 781 683 Iraque
803 602 873 664 dieta
894 602 955 663 sunt
977 607 1061 684 erepit
1074 608 1116 666 rit

150 691 227 764 cion.
249 689 333 766 riom
348 687 425 749 enim
448 689 490 747 ric
508 679 575 759 int,
598 683 646 746 ubi
665 703 704 746 eae
727 682 831 746 versari
845 681 941 747 solent.
963 682 1073 748 Varro:

40 832 48 838 .
334 779 536 841 ——levis
611 769 626 790 ⁸

94 873 114 884 ““
195 865 305 946 ‘lipullo
326 860 429 944 lymjln
444 861 562 943 frigidos
581 864 673 942 transit
692 862 778 924 latur.

149 956 191 1021 lta
204 959 278 1020 enim
295 957 441 1039 legendum
459 959 486 1016 in
504 955 611 1017 Nonio.
639 955 774 1019 Scene.

189 1051 234 1120 lin.
251 1048 286 1111 18
311 1049 351 1133 sq.
371 1050 470 1110 Exeo
493 1050 527 1111 oi
545 1049 625 1112 Allio
644 1052 774 1132 positum,
800 1047 937 1132 Incuriofh
964 1050 1051 1131 iraque
1066 1060 1117 1128 er}
1184 1037 1186 1040 ¹

150 1132 335 1212 Menalippe?
359 1130 460 1212 Rep'icis
488 1131 537 1190 abs
558 1149 582 1191 te
600 1131 775 1213 religionem?
813 1150 931 1210 cruperm
960 1132 1114 1217 imponar]

151 1208 191 1273 Le
211 1233 246 1273 o:
261 1214 310 1272 Ex
323 1234 358 1302 'eo
378 1214 413 1271 ab
436 1211 517 1275 Arrio
532 1215 642 1307 pofitrrm
658 1213 687 1271 in
708 1132 821 1293 curioA
842 1212 934 1293 Itaque
952 1214 986 1294 ‘fl
1005 1214 1033 1272 in
1048 1216 1116 1276 Mc·

150 1231 481 1437 cinnum
494 1293 789 1436 mummi
802 1292 1004 1436 uelli
1018 1295 1117 1438 ul:

150 1395 291 1538 scrugiam
304 1395 393 1529 Elicit,
406 1397 576 1537 qurrm'poll³
585 1472 693 1536 tergum
708 1395 884 1531 rejiciirida’rn
900 1457 946 1517 ait.
960 1394 1115 1521 TugRNtB.
1165 1445 1171 1456 ⁸

148 1535 241 1614 Totus
264 1538 311 1597 hic
335 1536 411 1596 locus
431 1536 602 1617 perturbatus
625 1534 673 1595 ell.
689 1534 750 1608 Ita,
765 1555 831 1595 meo
849 1533 968 1614 judicio,
986 1537 1116 1617 legendus

151 1617 212 1679 est:
232 1618 282 1677 Ex
295 1637 324 1676 eo
337 1617 371 1675 ab
389 1615 470 1675 Attio
482 1617 594 1694 pofirum
610 1635 660 1697 pro
679 1615 797 1693 curiofic:
808 1617 896 1693 iraque
912 1618 945 1695 est
960 1617 990 1675 in
1009 1620 1117 1679 Mena·

151 1701 241 1781 lippo:
267 1694 385 1776 Rejicias
404 1696 439 1755 ab
455 1713 481 1754 re
501 1694 665 1771 religionem,
685 1693 747 1774 serre
766 1715 801 1754 eae
822 1694 953 1772 imponar.
973 1693 1116 1776 Scrupea,

78 1843 80 1850 ,
151 1775 167 1843 it
187 1774 387 1856 lerrtleipeor.
402 1778 436 1837 lrr
455 1775 636 1858 Menalippa,
653 1716 800 1859 legenclirm
819 1777 950 1850 omnino,
971 1777 1001 1836 in
1017 1781 1117 1848 Memey

150 1857 232 1942 lippo.
253 1856 329 1919 Nam
342 1878 377 1918 ex
391 1856 556 1937 Menalippo
576 1856 646 1917 Attii
661 1855 734 1937 saepe
751 1857 876 1937 producit
887 1854 1041 1919 testimonia
1052 1858 1116 1921 No·

152 1943 223 2001 nius.
243 1937 348 2000 Ennius
369 1956 439 1999 vero
457 1935 563 2018 scripsit
586 1936 794 2020 Menalippum,
811 1958 896 2019 quam
914 1942 996 2000 vertit
1013 1960 1048 2000 ex
1064 1939 1118 2002 So·

151 2022 260 2103 phocle.
283 2019 384 2101 liejicis
402 2021 491 2079 abste
508 2018 665 2103 religionem,
684 2020 925 2094 melius,re1‘icins.
944 2017 1072 2100 Rejicita
1089 2024 1117 2084 le

151 2101 332 2186 religionem,
345 2100 394 2184 qui
409 2120 494 2162 omen
514 2100 649 2162 adolium
668 2101 803 2164 transfert.
825 2099 901 2164 Sicut
923 2118 1022 2162 contra
1041 2105 1115 2179 obji-

151 2204 213 2247 cere
230 2183 411 2265 religionem,
429 2181 600 2245 misererer
609 2204 619 2258 ;
634 2183 766 2243 nimirum
782 2203 816 2245 ex
831 2183 1022 2244 observatione
1038 2191 1114 2246 omi·

152 2267 194 2326 nis
217 2263 448 2342 lerorlmpeorler
469 2265 600 2324 incutere·
621 2262 732 2324 Plautus
755 2264 928 2325 Mercatore:
953 2266 1117 2346 Religionem

151 2348 208 2407 illie
224 2346 331 2428 objecit:
348 2345 470 2424 recipiam
493 2366 532 2403 me
546 2347 604 2405 luc.
621 2342 666 2405 Sic
689 2344 823 2404 Horatius
843 2347 1000 2427 religionem
1018 2348 1117 2422 objicit

150 2426 276 2489 Galareae
294 2424 471 2508 profestum,
485 2427 522 2485 ab
538 2426 632 2485 omine
646 2442 654 2486 ε
669 2422 769 2485 scilicet
787 2427 822 2485 ab
843 2426 969 2506 exemplo
987 2424 1061 2487 Euro
1082 2450 1115 2490 ae.

152 2508 300 2570 Suetonius
311 2508 395 2580 dixit,
412 2504 509 2568 afferre
528 2506 695 2587 religionem.
707 2507 808 2579 Fuere,
825 2507 929 2587 inquit,
942 2506 986 2587 qui
1001 2451 1116 2586 pmii.

149 2591 234 2732 pctnri
255 2591 357 2649 Othoni
378 2608 481 2660 moras,
503 2587 698 2670 religionemque
723 2588 837 2646 nondum
861 2588 1021 2647 conditorum
1039 2591 1116 2648 onci-

163 2674 244 2733 iorum
266 2669 392 2751 afferrent.
417 2669 553 2730 SCALIG.
576 2669 646 2728 Arrii
661 2666 760 2728 fabulae
779 2667 996 2748 Menalippus&
1012 2671 1114 2729 Mena·

151 2755 244 2849 lippa,
259 2753 290 2814 δι
310 2753 367 2812 lraec
383 2748 517 2832 posterior
533 2749 616 2811 etiam
630 2747 720 2809 Ennii.
736 2750 883 2831 Scriptus,
896 2748 995 2830 asper,
1013 2749 1117 2812 &dif-

152 2831 230 2894 ficilis
243 2833 395 2894 aureliam.
422 2828 525 2891 Ennius
538 2830 735 2892 Andromeda:

190 2919 305 2993 Scrrrpeo
325 2914 446 2995 investita
462 2916 536 2994 fiexo
556 2929 633 2993 atque
651 2912 748 2993 ostreis.

151 3007 246 3072 Attius
257 3007 381 3067 tralatitie
396 3027 447 3089 pro
464 3004 653 3088 superstitioso.
673 3005 787 3080 Refice,
804 3004 910 3087 inquit,
925 3024 943 3064 a
959 3021 987 3067 te
1003 3004 1114 3090 religio-

149 3109 231 3162 nem,
243 3106 326 3167 quum
341 3088 442 3162 objecit
456 3086 518 3169 laga
535 3109 570 3148 ex
585 3087 781 3149 observatione
796 3087 896 3147 ominis
910 3086 996 3148 illius:

192 3170 297 3250 Regina
320 3171 369 3229 erit
387 3187 505 3250 tempus,
526 3191 583 3229 cum
603 3170 646 3228 lic
666 3170 757 3240 torris,
782 3188 855 3248 quem
869 3169 969 3227 amburi
981 3169 1065 3232 vides.
1168 3193 1169 3196 ¹

149 3261 182 3326 &
203 3260 317 3324 transfer
338 3261 366 3321 in
389 3260 475 3343 ipsam
494 3261 603 3346 sagam,
620 3263 705 3322 nimia
731 3262 764 3324 δι
784 3257 963 3343 superstitiosa
985 3263 1116 3347 religione

148 3343 296 3428 alligatam.
316 3342 446 3404 iorni.

191 3440 238 3500 lin.
258 3459 304 3501 20.
325 3437 514 3506 Strirulillos,
530 3458 548 3495 n
556 3433 716 3517 siritilnndo.
737 3433 846 3495 Strirorc
856 3436 891 3494 ab
906 3458 936 3497 eo
949 3435 1027 3518 δια]
1047 3440 1116 3498 Stri-

149 3520 261 3582 rabum
272 3521 397 3580 dicuntur
415 3537 472 3576 non
487 3533 544 3577 tam
564 3517 747 3588 ambulantes,
765 3536 848 3595 quarn
862 3515 971 3578 summo
985 3518 1056 3600 pede
1069 3519 1116 3579 vel

148 3605 205 3664 talo
217 3621 317 3665 terram
335 3598 504 3682 stringentes.
524 3597 602 3679 quod
619 3596 667 3657 usu
684 3599 763 3657 venit
776 3597 826 3668 iis,
847 3600 943 3679 quibus
960 3599 1045 3678 pedes
1059 3598 1115 3658 laesr

151 3686 231 3756 lunt,
249 3683 294 3744 vel
307 3701 394 3742 crura.
419 3678 486 3740 Non
502 3682 575 3740 enim
601 3679 714 3759 planum
728 3695 834 3760 pomum
857 3679 1000 3761 vestigium
1020 3680 1115 3759 pedis,

72 3741 87 3772 ⁰
150 3765 196 3827 sed
220 3767 279 3840 ejus
304 3780 428 3828 extremo
446 3778 553 3824 tumum
577 3760 675 3820 radunt
701 3759 786 3821 solum
826 3762 872 3902 Τί
896 3760 976 3822 iidem
999 3760 1115 3839 pedibus
1232 3817 1241 3830 ,

847 3864 863 3904 e

152 3847 205 3910 luis
225 3865 297 3929 aegre
316 3844 387 3908 stant
409 3839 588 3910 &insistunt
609 3804 813 3925 Astringendi
864 3841 971 3904 ducitur
982 3842 1115 3922 llrielore:
