<?xml version="1.0" encoding="UTF-8"?>
<!DOCTYPE html PUBLIC "-//W3C//DTD XHTML 1.0 Transitional//EN"
    "http://www.w3.org/TR/xhtml1/DTD/xhtml1-transitional.dtd">
<html xmlns="http://www.w3.org/1999/xhtml" xml:lang="en" lang="en">
 <head>
  <title>
</title>
<meta http-equiv="Content-Type" content="text/html;charset=utf-8" />
  <meta name='ocr-system' content='tesseract 3.04.00' />
  <meta name='ocr-capabilities' content='ocr_page ocr_carea ocr_par ocr_line ocrx_word'/>
</head>
<body>
  <div class='ocr_page' id='page_1' title='image "./mtervarronisdel00bipogoog/mtervarronisdel00bipogoog_0020.png"; bbox 0 0 2834 4567; ppageno 0'>
   <div class='ocr_carea' id='block_1_1' title="bbox 296 347 1135 466">
    <p class='ocr_par' dir='ltr' id='par_1_1' title="bbox 296 347 1135 466">
     <span class='ocr_line' id='line_1_1' title="bbox 296 347 1135 466; baseline 0.005 -46"><span class='ocrx_word' id='word_1_1' title='bbox 296 366 368 466; x_wconf 67' lang='lat' dir='ltr'>xiv</span> <span class='ocrx_word' id='word_1_2' title='bbox 462 347 734 463; x_wconf 53' lang='lat' dir='ltr'><em>NOTITIA</em></span> <span class='ocrx_word' id='word_1_3' title='bbox 770 347 1135 424; x_wconf 79' lang='lat' dir='ltr'><em>LITERARIA</em></span> 
     </span>
    </p>
   </div>
   <div class='ocr_carea' id='block_1_2' title="bbox 294 501 1253 1370">
    <p class='ocr_par' dir='ltr' id='par_1_2' title="bbox 294 501 1253 1370">
     <span class='ocr_line' id='line_1_2' title="bbox 294 501 1247 609; baseline 0.006 -29"><span class='ocrx_word' id='word_1_4' title='bbox 294 503 437 601; x_wconf 83' lang='lat' dir='ltr'>spiciens</span> <span class='ocrx_word' id='word_1_5' title='bbox 458 503 527 578; x_wconf 86' lang='lat' dir='ltr'>hoc</span> <span class='ocrx_word' id='word_1_6' title='bbox 554 501 719 577; x_wconf 76' lang='lat' dir='ltr'>Varionis</span> <span class='ocrx_word' id='word_1_7' title='bbox 743 529 830 600; x_wconf 90' lang='lat' dir='ltr'>opus</span> <span class='ocrx_word' id='word_1_8' title='bbox 853 506 1031 580; x_wconf 83' lang='lat' dir='ltr'>Vitruvius</span> <span class='ocrx_word' id='word_1_9' title='bbox 1055 509 1092 582; x_wconf 90' lang='lat' dir='ltr'>in</span> <span class='ocrx_word' id='word_1_10' title='bbox 1117 510 1247 609; x_wconf 71' lang='lat' dir='ltr'>pretim.</span> 
     </span>
     <span class='ocr_line' id='line_1_3' title="bbox 294 613 1249 717; baseline 0.008 -29"><span class='ocrx_word' id='word_1_11' title='bbox 294 616 373 689; x_wconf 84' lang='lat' dir='ltr'>libri</span> <span class='ocrx_word' id='word_1_12' title='bbox 392 616 459 704; x_wconf 86' lang='lat' dir='ltr'>tx,</span> <span class='ocrx_word' id='word_1_13' title='bbox 474 613 572 714; x_wconf 82' lang='lat' dir='ltr'>(five</span> <span class='ocrx_word' id='word_1_14' title='bbox 592 633 631 686; x_wconf 89' lang='lat' dir='ltr'>ut</span> <span class='ocrx_word' id='word_1_15' title='bbox 646 615 753 712; x_wconf 81' lang='lat' dir='ltr'>vulgo</span> <span class='ocrx_word' id='word_1_16' title='bbox 770 613 976 714; x_wconf 82' lang='lat' dir='ltr'>distinguunt</span> <span class='ocrx_word' id='word_1_17' title='bbox 993 621 1062 706; x_wconf 84' lang='lat' dir='ltr'>tx,</span> <span class='ocrx_word' id='word_1_18' title='bbox 1084 647 1117 717; x_wconf 82' lang='lat'>3.</span> <span class='ocrx_word' id='word_1_19' title='bbox 1129 641 1164 695; x_wconf 91' lang='lat' dir='ltr'>at</span> <span class='ocrx_word' id='word_1_20' title='bbox 1182 640 1249 696; x_wconf 87' lang='lat' dir='ltr'>tra·</span> 
     </span>
     <span class='ocr_line' id='line_1_4' title="bbox 294 720 1250 825; baseline 0.005 -28"><span class='ocrx_word' id='word_1_21' title='bbox 294 723 398 797; x_wconf 69' lang='lat' dir='ltr'>&amp;atio</span> <span class='ocrx_word' id='word_1_22' title='bbox 420 721 488 820; x_wconf 85' lang='lat' dir='ltr'>ipsa</span> <span class='ocrx_word' id='word_1_23' title='bbox 509 721 585 794; x_wconf 83' lang='lat' dir='ltr'>libri</span> <span class='ocrx_word' id='word_1_24' title='bbox 609 720 659 796; x_wconf 86' lang='lat' dir='ltr'>tx</span> <span class='ocrx_word' id='word_1_25' title='bbox 680 724 814 796; x_wconf 87' lang='lat' dir='ltr'>demum</span> <span class='ocrx_word' id='word_1_26' title='bbox 842 749 861 795; x_wconf 89' lang='lat' dir='ltr'>a</span> <span class='ocrx_word' id='word_1_27' title='bbox 885 724 993 819; x_wconf 86' lang='lat' dir='ltr'>capite</span> <span class='ocrx_word' id='word_1_28' title='bbox 1013 748 1136 825; x_wconf 89' lang='lat' dir='ltr'>quarto</span> <span class='ocrx_word' id='word_1_29' title='bbox 1160 730 1250 804; x_wconf 91' lang='lat' dir='ltr'>inci·</span> 
     </span>
     <span class='ocr_line' id='line_1_5' title="bbox 294 827 1251 932; baseline 0.008 -30"><span class='ocrx_word' id='word_1_30' title='bbox 294 827 374 928; x_wconf 85' lang='lat' dir='ltr'>pit)</span> <span class='ocrx_word' id='word_1_31' title='bbox 396 834 524 916; x_wconf 81' lang='lat' dir='ltr'>Plures,</span> <span class='ocrx_word' id='word_1_32' title='bbox 541 828 671 926; x_wconf 86' lang='lat' dir='ltr'>inquit,</span> <span class='ocrx_word' id='word_1_33' title='bbox 685 832 758 932; x_wconf 70' lang='lat' dir='ltr'>pass</span> <span class='ocrx_word' id='word_1_34' title='bbox 776 830 908 930; x_wconf 81' lang='lat' dir='ltr'>nostram</span> <span class='ocrx_word' id='word_1_35' title='bbox 928 839 1105 907; x_wconf 72' lang='lat' dir='ltr'><em>memoriam</em></span> <span class='ocrx_word' id='word_1_36' title='bbox 1124 839 1251 931; x_wconf 83' lang='lat' dir='ltr'>nascen-</span> 
     </span>
     <span class='ocr_line' id='line_1_6' title="bbox 295 940 1252 1036; baseline -0.011 -23"><span class='ocrx_word' id='word_1_37' title='bbox 295 968 341 1013; x_wconf 83' lang='lat' dir='ltr'>tes</span> <span class='ocrx_word' id='word_1_38' title='bbox 361 969 428 1013; x_wconf 85' lang='lat' dir='ltr'>cum</span> <span class='ocrx_word' id='word_1_39' title='bbox 446 944 583 1036; x_wconf 74' lang='lat' dir='ltr'>Lucreuo</span> <span class='ocrx_word' id='word_1_40' title='bbox 602 940 788 1011; x_wconf 77' lang='lat' dir='ltr'>videbuntur</span> <span class='ocrx_word' id='word_1_41' title='bbox 802 945 885 1011; x_wconf 82' lang='lat' dir='ltr'>velut</span> <span class='ocrx_word' id='word_1_42' title='bbox 904 967 1006 1013; x_wconf 84' lang='lat' dir='ltr'>coram</span> <span class='ocrx_word' id='word_1_43' title='bbox 1022 948 1059 1014; x_wconf 82' lang='lat' dir='ltr'>dc</span> <span class='ocrx_word' id='word_1_44' title='bbox 1073 973 1170 1017; x_wconf 82' lang='lat' dir='ltr'>rerum</span> <span class='ocrx_word' id='word_1_45' title='bbox 1189 973 1252 1018; x_wconf 82' lang='lat' dir='ltr'>na.</span> 
     </span>
     <span class='ocr_line' id='line_1_7' title="bbox 296 1041 1250 1143; baseline -0.003 -20"><span class='ocrx_word' id='word_1_46' title='bbox 296 1079 370 1123; x_wconf 82' lang='lat' dir='ltr'>rura</span> <span class='ocrx_word' id='word_1_47' title='bbox 388 1051 564 1143; x_wconf 66' lang='lat' dir='ltr'>disputare:</span> <span class='ocrx_word' id='word_1_48' title='bbox 585 1054 621 1122; x_wconf 76' lang='lat' dir='ltr'>de</span> <span class='ocrx_word' id='word_1_49' title='bbox 643 1059 706 1120; x_wconf 77' lang='lat' dir='ltr'>rime</span> <span class='ocrx_word' id='word_1_50' title='bbox 723 1069 793 1119; x_wconf 75' lang='lat' dir='ltr'>vero</span> <span class='ocrx_word' id='word_1_51' title='bbox 814 1050 982 1121; x_wconf 69' lang='lat' dir='ltr'>Rimorica</span> <span class='ocrx_word' id='word_1_52' title='bbox 1001 1041 1069 1122; x_wconf 86' lang='lat' dir='ltr'>cum</span> <span class='ocrx_word' id='word_1_53' title='bbox 1092 1057 1250 1126; x_wconf 66' lang='lat' dir='ltr'>cicerum.-</span> 
     </span>
     <span class='ocr_line' id='line_1_8' title="bbox 295 1155 1253 1258; baseline 0.001 -25"><span class='ocrx_word' id='word_1_54' title='bbox 295 1163 390 1233; x_wconf 87' lang='lat' dir='ltr'>multi</span> <span class='ocrx_word' id='word_1_55' title='bbox 402 1160 584 1258; x_wconf 70' lang='lat' dir='ltr'>pisseromm</span> <span class='ocrx_word' id='word_1_56' title='bbox 613 1187 681 1231; x_wconf 87' lang='lat' dir='ltr'>cum</span> <span class='ocrx_word' id='word_1_57' title='bbox 707 1166 846 1231; x_wconf 75' lang='lat' dir='ltr'>Varrone</span> <span class='ocrx_word' id='word_1_58' title='bbox 866 1155 1020 1249; x_wconf 72' lang='lat' dir='ltr'>confitens</span> <span class='ocrx_word' id='word_1_59' title='bbox 1028 1159 1199 1255; x_wconf 75' lang='lat' dir='ltr'>sermonem</span> <span class='ocrx_word' id='word_1_60' title='bbox 1216 1161 1253 1234; x_wconf 77' lang='lat' dir='ltr'>dc</span> 
     </span>
     <span class='ocr_line' id='line_1_9' title="bbox 296 1268 1253 1370; baseline 0.003 -29"><span class='ocrx_word' id='word_1_61' title='bbox 296 1274 406 1366; x_wconf 80' lang='lat' dir='ltr'>lingua</span> <span class='ocrx_word' id='word_1_62' title='bbox 422 1272 551 1342; x_wconf 83' lang='lat' dir='ltr'>Latina.</span> <span class='ocrx_word' id='word_1_63' title='bbox 572 1270 766 1369; x_wconf 82' lang='lat' dir='ltr'>Fragmenta</span> <span class='ocrx_word' id='word_1_64' title='bbox 783 1291 827 1340; x_wconf 80' lang='lat' dir='ltr'>ex</span> <span class='ocrx_word' id='word_1_65' title='bbox 854 1268 906 1341; x_wconf 90' lang='lat' dir='ltr'>his</span> <span class='ocrx_word' id='word_1_66' title='bbox 922 1270 1014 1342; x_wconf 85' lang='lat' dir='ltr'>libris</span> <span class='ocrx_word' id='word_1_67' title='bbox 1030 1271 1168 1370; x_wconf 82' lang='lat' dir='ltr'>collegit</span> <span class='ocrx_word' id='word_1_68' title='bbox 1177 1284 1253 1346; x_wconf 83' lang='lat' dir='ltr'>An·</span> 
     </span>
    </p>
   </div>
   <div class='ocr_carea' id='block_1_3' title="bbox 297 1371 1406 1478">
    <p class='ocr_par' dir='ltr' id='par_1_3' title="bbox 297 1371 1406 1478">
     <span class='ocr_line' id='line_1_10' title="bbox 297 1371 1406 1478; baseline -0.001 -26"><span class='ocrx_word' id='word_1_69' title='bbox 297 1382 405 1453; x_wconf 82' lang='lat' dir='ltr'>conius</span> <span class='ocrx_word' id='word_1_70' title='bbox 425 1377 646 1478; x_wconf 78' lang='lat' dir='ltr'>Augustinus,</span> <span class='ocrx_word' id='word_1_71' title='bbox 670 1377 760 1449; x_wconf 90' lang='lat' dir='ltr'>unde</span> <span class='ocrx_word' id='word_1_72' title='bbox 779 1375 935 1474; x_wconf 82' lang='lat' dir='ltr'>leguntur</span> <span class='ocrx_word' id='word_1_73' title='bbox 954 1378 1053 1452; x_wconf 81' lang='lat' dir='ltr'>etiam</span> <span class='ocrx_word' id='word_1_74' title='bbox 1075 1379 1109 1450; x_wconf 90' lang='lat' dir='ltr'>in</span> <span class='ocrx_word' id='word_1_75' title='bbox 1127 1380 1254 1453; x_wconf 82' lang='lat' dir='ltr'>editio·</span> <span class='ocrx_word' id='word_1_76' title='bbox 1404 1371 1406 1388; x_wconf 78' lang='grc'><em>’</em></span> 
     </span>
    </p>
   </div>
   <div class='ocr_carea' id='block_1_4' title="bbox 262 1486 1254 1915">
    <p class='ocr_par' dir='ltr' id='par_1_4' title="bbox 262 1486 1254 1915">
     <span class='ocr_line' id='line_1_11' title="bbox 297 1486 1253 1576; baseline -0.004 -12"><span class='ocrx_word' id='word_1_77' title='bbox 297 1514 343 1564; x_wconf 86' lang='lat' dir='ltr'>ne</span> <span class='ocrx_word' id='word_1_78' title='bbox 361 1491 519 1561; x_wconf 79' lang='lat' dir='ltr'>Vutranii</span> <span class='ocrx_word' id='word_1_79' title='bbox 530 1491 651 1560; x_wconf 84' lang='lat' dir='ltr'><em>Mauri.</em></span> <span class='ocrx_word' id='word_1_80' title='bbox 663 1487 778 1560; x_wconf 84' lang='lat' dir='ltr'>Postea</span> <span class='ocrx_word' id='word_1_81' title='bbox 795 1486 915 1560; x_wconf 87' lang='lat' dir='ltr'>additis</span> <span class='ocrx_word' id='word_1_82' title='bbox 933 1486 1107 1560; x_wconf 78' lang='lat' dir='ltr'>nonnuliis</span> <span class='ocrx_word' id='word_1_83' title='bbox 1119 1488 1152 1558; x_wconf 89' lang='lat' dir='ltr'>in</span> <span class='ocrx_word' id='word_1_84' title='bbox 1164 1492 1253 1576; x_wconf 79' lang='lat' dir='ltr'>Vat-</span> 
     </span>
     <span class='ocr_line' id='line_1_12' title="bbox 297 1597 1253 1698; baseline -0.001 -25"><span class='ocrx_word' id='word_1_85' title='bbox 297 1623 385 1676; x_wconf 84' lang='lat' dir='ltr'>rone</span> <span class='ocrx_word' id='word_1_86' title='bbox 404 1601 547 1694; x_wconf 83' lang='lat' dir='ltr'>Ausonii</span> <span class='ocrx_word' id='word_1_87' title='bbox 558 1602 704 1693; x_wconf 77' lang='lat' dir='ltr'>Popmoe,</span> <span class='ocrx_word' id='word_1_88' title='bbox 720 1597 832 1684; x_wconf 66' lang='lat' dir='ltr'>Fufii,</span> <span class='ocrx_word' id='word_1_89' title='bbox 850 1600 887 1672; x_wconf 88' lang='lat'>&amp;</span> <span class='ocrx_word' id='word_1_90' title='bbox 906 1599 940 1671; x_wconf 88' lang='lat' dir='ltr'>in</span> <span class='ocrx_word' id='word_1_91' title='bbox 958 1600 1117 1698; x_wconf 83' lang='lat' dir='ltr'>Dionysti</span> <span class='ocrx_word' id='word_1_92' title='bbox 1132 1601 1253 1672; x_wconf 69' lang='lat' dir='ltr'>Gotho·</span> 
     </span>
     <span class='ocr_line' id='line_1_13' title="bbox 293 1704 1253 1801; baseline -0.003 -21"><span class='ocrx_word' id='word_1_93' title='bbox 293 1707 593 1800; x_wconf 65' lang='lat' dir='ltr'>frediAuoioribus</span> <span class='ocrx_word' id='word_1_94' title='bbox 603 1704 730 1779; x_wconf 78' lang='lat' dir='ltr'>Latinae</span> <span class='ocrx_word' id='word_1_95' title='bbox 746 1704 881 1801; x_wconf 79' lang='lat' dir='ltr'>linguae.</span> <span class='ocrx_word' id='word_1_96' title='bbox 894 1705 1077 1800; x_wconf 84' lang='lat' dir='ltr'>Repertum</span> <span class='ocrx_word' id='word_1_97' title='bbox 1093 1704 1139 1778; x_wconf 84' lang='lat' dir='ltr'>est</span> <span class='ocrx_word' id='word_1_98' title='bbox 1152 1707 1253 1778; x_wconf 84' lang='lat' dir='ltr'>etiam</span> 
     </span>
     <span class='ocr_line' id='line_1_14' title="bbox 262 1815 1254 1915; baseline -0.003 -24"><span class='ocrx_word' id='word_1_99' title='bbox 262 1885 265 1892; x_wconf 80' lang='grc'>,</span> <span class='ocrx_word' id='word_1_100' title='bbox 300 1815 520 1915; x_wconf 78' lang='lat' dir='ltr'>fragmentum</span> <span class='ocrx_word' id='word_1_101' title='bbox 549 1816 642 1889; x_wconf 83' lang='lat' dir='ltr'>Libri</span> <span class='ocrx_word' id='word_1_102' title='bbox 675 1816 788 1914; x_wconf 89' lang='lat' dir='ltr'>quarti</span> <span class='ocrx_word' id='word_1_103' title='bbox 815 1815 857 1886; x_wconf 91' lang='lat' dir='ltr'>ad</span> <span class='ocrx_word' id='word_1_104' title='bbox 888 1816 1013 1888; x_wconf 82' lang='lat' dir='ltr'><strong>calcem</strong></span> <span class='ocrx_word' id='word_1_105' title='bbox 1041 1819 1183 1890; x_wconf 78' lang='lat' dir='ltr'>Frontini</span> <span class='ocrx_word' id='word_1_106' title='bbox 1210 1817 1254 1890; x_wconf 83' lang='lat' dir='ltr'>de</span> 
     </span>
    </p>
   </div>
   <div class='ocr_carea' id='block_1_5' title="bbox 299 1926 1371 2028">
    <p class='ocr_par' dir='ltr' id='par_1_5' title="bbox 299 1926 1371 2028">
     <span class='ocr_line' id='line_1_15' title="bbox 299 1926 1371 2028; baseline 0.002 -28"><span class='ocrx_word' id='word_1_107' title='bbox 299 1928 563 2028; x_wconf 67' lang='lat' dir='ltr'>Aquaeduiiibus</span> <span class='ocrx_word' id='word_1_108' title='bbox 578 1929 612 2001; x_wconf 91' lang='lat' dir='ltr'>in</span> <span class='ocrx_word' id='word_1_109' title='bbox 625 1928 760 2001; x_wconf 82' lang='lat' dir='ltr'>Codice</span> <span class='ocrx_word' id='word_1_110' title='bbox 775 1926 900 2021; x_wconf 81' lang='lat' dir='ltr'>scripto</span> <span class='ocrx_word' id='word_1_111' title='bbox 912 1926 1110 2014; x_wconf 73' lang='lat' dir='ltr'>caunensi,</span> <span class='ocrx_word' id='word_1_112' title='bbox 1127 1930 1253 2025; x_wconf 85' lang='lat' dir='ltr'>dequo</span> <span class='ocrx_word' id='word_1_113' title='bbox 1339 1961 1344 1969; x_wconf 95' lang='lat'><em>·</em></span> <span class='ocrx_word' id='word_1_114' title='bbox 1364 1979 1371 1986; x_wconf 79' lang='lat'><em>-</em></span> 
     </span>
    </p>
   </div>
   <div class='ocr_carea' id='block_1_6' title="bbox 299 2033 1255 2330">
    <p class='ocr_par' dir='ltr' id='par_1_6' title="bbox 299 2033 1255 2330">
     <span class='ocr_line' id='line_1_16' title="bbox 302 2033 1252 2134; baseline -0.003 -25"><span class='ocrx_word' id='word_1_115' title='bbox 302 2040 353 2110; x_wconf 85' lang='lat' dir='ltr'>Jo.</span> <span class='ocrx_word' id='word_1_116' title='bbox 372 2041 470 2130; x_wconf 84' lang='lat' dir='ltr'>Bapt.</span> <span class='ocrx_word' id='word_1_117' title='bbox 483 2040 680 2134; x_wconf 78' lang='lat' dir='ltr'><em>Morgagnus</em></span> <span class='ocrx_word' id='word_1_118' title='bbox 701 2033 876 2131; x_wconf 82' lang='lat' dir='ltr'>epistolam</span> <span class='ocrx_word' id='word_1_119' title='bbox 892 2033 1015 2129; x_wconf 73' lang='lat' dir='ltr'>scripsit</span> <span class='ocrx_word' id='word_1_120' title='bbox 1030 2036 1072 2107; x_wconf 88' lang='lat' dir='ltr'>ad</span> <span class='ocrx_word' id='word_1_121' title='bbox 1082 2041 1252 2126; x_wconf 71' lang='lat' dir='ltr'>Poleuum,</span> 
     </span>
     <span class='ocr_line' id='line_1_17' title="bbox 301 2141 1255 2242; baseline 0.003 -25"><span class='ocrx_word' id='word_1_122' title='bbox 301 2172 378 2242; x_wconf 81' lang='lat' dir='ltr'>quae</span> <span class='ocrx_word' id='word_1_123' title='bbox 403 2146 492 2218; x_wconf 87' lang='lat' dir='ltr'>edita</span> <span class='ocrx_word' id='word_1_124' title='bbox 518 2145 565 2217; x_wconf 83' lang='lat' dir='ltr'>est</span> <span class='ocrx_word' id='word_1_125' title='bbox 591 2144 627 2217; x_wconf 91' lang='lat' dir='ltr'>in</span> <span class='ocrx_word' id='word_1_126' title='bbox 656 2141 827 2241; x_wconf 82' lang='lat' dir='ltr'>opusculis</span> <span class='ocrx_word' id='word_1_127' title='bbox 856 2142 1047 2219; x_wconf 84' lang='lat' dir='ltr'>scientificis</span> <span class='ocrx_word' id='word_1_128' title='bbox 1073 2147 1112 2219; x_wconf 89' lang='lat'>&amp;</span> <span class='ocrx_word' id='word_1_129' title='bbox 1135 2144 1255 2241; x_wconf 80' lang='lat' dir='ltr'>philol.</span> 
     </span>
     <span class='ocr_line' id='line_1_18' title="bbox 299 2254 984 2330; baseline 0 -2"><span class='ocrx_word' id='word_1_130' title='bbox 299 2254 442 2330; x_wconf 76' lang='lat' dir='ltr'>¹Venetis</span> <span class='ocrx_word' id='word_1_131' title='bbox 458 2254 502 2329; x_wconf 88' lang='lat' dir='ltr'>T.</span> <span class='ocrx_word' id='word_1_132' title='bbox 522 2257 580 2330; x_wconf 87' lang='lat' dir='ltr'>tv.</span> <span class='ocrx_word' id='word_1_133' title='bbox 982 2269 984 2278; x_wconf 83' lang='grc'><strong>“</strong></span> 
     </span>
    </p>
   </div>
   <div class='ocr_carea' id='block_1_7' title="bbox 611 2422 942 2523">
    <p class='ocr_par' dir='ltr' id='par_1_7' title="bbox 611 2422 942 2523">
     <span class='ocr_line' id='line_1_19' title="bbox 611 2422 942 2523; baseline 0.003 -28"><span class='ocrx_word' id='word_1_134' title='bbox 611 2423 699 2496; x_wconf 81' lang='lat' dir='ltr'>Libri</span> <span class='ocrx_word' id='word_1_135' title='bbox 716 2427 753 2495; x_wconf 83' lang='lat' dir='ltr'>de</span> <span class='ocrx_word' id='word_1_136' title='bbox 771 2451 801 2495; x_wconf 83' lang='lat' dir='ltr'>re</span> <span class='ocrx_word' id='word_1_137' title='bbox 821 2422 942 2523; x_wconf 74' lang='lat' dir='ltr'>rustica.</span> 
     </span>
    </p>
   </div>
   <div class='ocr_carea' id='block_1_8' title="bbox 304 2567 1271 3002">
    <p class='ocr_par' dir='ltr' id='par_1_8' title="bbox 304 2567 1271 3002">
     <span class='ocr_line' id='line_1_20' title="bbox 351 2567 1255 2680; baseline 0.002 -28"><span class='ocrx_word' id='word_1_138' title='bbox 351 2567 489 2660; x_wconf 77' lang='lat' dir='ltr'>Exstant</span> <span class='ocrx_word' id='word_1_139' title='bbox 505 2595 664 2674; x_wconf 76' lang='lat' dir='ltr'>praeterea</span> <span class='ocrx_word' id='word_1_140' title='bbox 681 2578 845 2652; x_wconf 82' lang='lat' dir='ltr'>Varronis</span> <span class='ocrx_word' id='word_1_141' title='bbox 866 2586 902 2653; x_wconf 76' lang='lat' dir='ltr'>dc</span> <span class='ocrx_word' id='word_1_142' title='bbox 921 2610 950 2653; x_wconf 81' lang='lat' dir='ltr'>n</span> <span class='ocrx_word' id='word_1_143' title='bbox 966 2581 1074 2680; x_wconf 82' lang='lat' dir='ltr'>rustica</span> <span class='ocrx_word' id='word_1_144' title='bbox 1093 2585 1167 2654; x_wconf 81' lang='lat' dir='ltr'>libri</span> <span class='ocrx_word' id='word_1_145' title='bbox 1186 2584 1255 2672; x_wconf 83' lang='grc' dir='ltr'><em>ΙΙΙ,</em></span> 
     </span>
     <span class='ocr_line' id='line_1_21' title="bbox 304 2685 1256 2788; baseline 0.002 -28"><span class='ocrx_word' id='word_1_146' title='bbox 304 2712 393 2788; x_wconf 87' lang='lat' dir='ltr'>quos</span> <span class='ocrx_word' id='word_1_147' title='bbox 411 2707 507 2759; x_wconf 91' lang='lat' dir='ltr'>natus</span> <span class='ocrx_word' id='word_1_148' title='bbox 528 2685 702 2783; x_wconf 69' lang='lat' dir='ltr'>otloginta</span> <span class='ocrx_word' id='word_1_149' title='bbox 720 2711 828 2760; x_wconf 83' lang='lat' dir='ltr'>annos</span> <span class='ocrx_word' id='word_1_150' title='bbox 847 2686 973 2783; x_wconf 71' lang='lat' dir='ltr'>scripsit</span> <span class='ocrx_word' id='word_1_151' title='bbox 990 2688 1031 2758; x_wconf 91' lang='lat' dir='ltr'>ad</span> <span class='ocrx_word' id='word_1_152' title='bbox 1053 2689 1256 2762; x_wconf 74' lang='lat' dir='ltr'>fundanium</span> 
     </span>
     <span class='ocr_line' id='line_1_22' title="bbox 304 2795 1256 2890; baseline 0.003 -22"><span class='ocrx_word' id='word_1_153' title='bbox 304 2820 463 2869; x_wconf 81' lang='lat' dir='ltr'>trxorem:</span> <span class='ocrx_word' id='word_1_154' title='bbox 484 2796 525 2870; x_wconf 89' lang='lat' dir='ltr'>de</span> <span class='ocrx_word' id='word_1_155' title='bbox 549 2795 672 2890; x_wconf 86' lang='lat' dir='ltr'>quibus</span> <span class='ocrx_word' id='word_1_156' title='bbox 697 2796 768 2872; x_wconf 78' lang='lat' dir='ltr'>vid.</span> <span class='ocrx_word' id='word_1_157' title='bbox 788 2796 954 2869; x_wconf 81' lang='lat' dir='ltr'>Notitiam</span> <span class='ocrx_word' id='word_1_158' title='bbox 976 2796 1152 2868; x_wconf 78' lang='lat' dir='ltr'>literarium</span> <span class='ocrx_word' id='word_1_159' title='bbox 1175 2798 1256 2871; x_wconf 87' lang='lat' dir='ltr'>Vol.</span> 
     </span>
     <span class='ocr_line' id='line_1_23' title="bbox 307 2902 1271 3002; baseline 0 -23"><span class='ocrx_word' id='word_1_160' title='bbox 307 2910 322 2979; x_wconf 89' lang='lat'>1</span> <span class='ocrx_word' id='word_1_161' title='bbox 343 2905 392 2979; x_wconf 88' lang='lat' dir='ltr'>rei</span> <span class='ocrx_word' id='word_1_162' title='bbox 411 2902 539 2978; x_wconf 71' lang='lat' dir='ltr'>rustice</span> <span class='ocrx_word' id='word_1_163' title='bbox 558 2904 768 3002; x_wconf 87' lang='lat' dir='ltr'>Scriptorum</span> <span class='ocrx_word' id='word_1_164' title='bbox 789 2902 984 3000; x_wconf 78' lang='lat' dir='ltr'>praemiffam</span> <span class='ocrx_word' id='word_1_165' title='bbox 1005 2928 1037 2999; x_wconf 90' lang='lat' dir='ltr'>p.</span> <span class='ocrx_word' id='word_1_166' title='bbox 1054 2922 1160 2976; x_wconf 83' lang='lat' dir='ltr'>cxlv.</span> <span class='ocrx_word' id='word_1_167' title='bbox 1269 2977 1271 2979; x_wconf 77' lang='grc'>,</span> 
     </span>
    </p>
   </div>
   <div class='ocr_carea' id='block_1_9' title="bbox 343 3063 1220 3157">
    <p class='ocr_par' dir='ltr' id='par_1_9' title="bbox 343 3063 1220 3157">
     <span class='ocr_line' id='line_1_24' title="bbox 343 3063 1220 3157; baseline 0.002 -23"><span class='ocrx_word' id='word_1_168' title='bbox 343 3066 512 3157; x_wconf 76' lang='lat' dir='ltr'>catalogus</span> <span class='ocrx_word' id='word_1_169' title='bbox 516 3063 705 3155; x_wconf 78' lang='lat' dir='ltr'>scriptorum</span> <span class='ocrx_word' id='word_1_170' title='bbox 722 3064 895 3148; x_wconf 82' lang='lat' dir='ltr'>Varronis,</span> <span class='ocrx_word' id='word_1_171' title='bbox 909 3087 974 3154; x_wconf 81' lang='lat' dir='ltr'>quc</span> <span class='ocrx_word' id='word_1_172' title='bbox 993 3064 1220 3136; x_wconf 78' lang='lat' dir='ltr'>interciderunt.</span> 
     </span>
    </p>
   </div>
   <div class='ocr_carea' id='block_1_10' title="bbox 308 3210 1334 3638">
    <p class='ocr_par' dir='ltr' id='par_1_10' title="bbox 308 3210 1334 3638">
     <span class='ocr_line' id='line_1_25' title="bbox 368 3210 1257 3310; baseline -0.004 -19"><span class='ocrx_word' id='word_1_173' title='bbox 368 3218 439 3291; x_wconf 86' lang='lat' dir='ltr'>Jam</span> <span class='ocrx_word' id='word_1_174' title='bbox 455 3216 562 3292; x_wconf 82' lang='lat' dir='ltr'>veluti</span> <span class='ocrx_word' id='word_1_175' title='bbox 575 3217 611 3288; x_wconf 89' lang='lat' dir='ltr'>in</span> <span class='ocrx_word' id='word_1_176' title='bbox 626 3215 767 3304; x_wconf 82' lang='lat' dir='ltr'>tabella,</span> <span class='ocrx_word' id='word_1_177' title='bbox 780 3213 886 3286; x_wconf 79' lang='lat' dir='ltr'>libros</span> <span class='ocrx_word' id='word_1_178' title='bbox 898 3210 996 3304; x_wconf 81' lang='lat' dir='ltr'>hujus</span> <span class='ocrx_word' id='word_1_179' title='bbox 1011 3212 1181 3310; x_wconf 86' lang='lat' dir='ltr'>scriptoris</span> <span class='ocrx_word' id='word_1_180' title='bbox 1200 3217 1257 3287; x_wconf 86' lang='lat' dir='ltr'>de·</span> 
     </span>
     <span class='ocr_line' id='line_1_26' title="bbox 308 3320 1334 3421; baseline -0.002 -24"><span class='ocrx_word' id='word_1_181' title='bbox 308 3325 459 3420; x_wconf 84' lang='lat' dir='ltr'>perditos</span> <span class='ocrx_word' id='word_1_182' title='bbox 478 3324 637 3413; x_wconf 82' lang='lat' dir='ltr'>referam,</span> <span class='ocrx_word' id='word_1_183' title='bbox 657 3345 803 3421; x_wconf 90' lang='lat' dir='ltr'>quorum</span> <span class='ocrx_word' id='word_1_184' title='bbox 824 3344 897 3393; x_wconf 90' lang='lat' dir='ltr'>non</span> <span class='ocrx_word' id='word_1_185' title='bbox 915 3320 1004 3417; x_wconf 84' lang='lat' dir='ltr'>ipsos</span> <span class='ocrx_word' id='word_1_186' title='bbox 1017 3322 1116 3395; x_wconf 86' lang='lat' dir='ltr'>etiam</span> <span class='ocrx_word' id='word_1_187' title='bbox 1138 3322 1257 3395; x_wconf 89' lang='lat' dir='ltr'>titulos</span> <span class='ocrx_word' id='word_1_188' title='bbox 1331 3357 1334 3364; x_wconf 94' lang='lat'><em>·</em></span> 
     </span>
     <span class='ocr_line' id='line_1_27' title="bbox 308 3421 1256 3532; baseline -0.003 -27"><span class='ocrx_word' id='word_1_189' title='bbox 308 3454 440 3529; x_wconf 86' lang='lat' dir='ltr'>tempus</span> <span class='ocrx_word' id='word_1_190' title='bbox 464 3435 564 3508; x_wconf 89' lang='lat' dir='ltr'>nobis</span> <span class='ocrx_word' id='word_1_191' title='bbox 587 3421 719 3532; x_wconf 64' lang='lat' dir='ltr'>eripuit.</span> <span class='ocrx_word' id='word_1_192' title='bbox 743 3434 870 3530; x_wconf 87' lang='lat' dir='ltr'>Sequar</span> <span class='ocrx_word' id='word_1_193' title='bbox 895 3451 1004 3505; x_wconf 85' lang='lat' dir='ltr'>autem</span> <span class='ocrx_word' id='word_1_194' title='bbox 1031 3454 1151 3527; x_wconf 74' lang='lat' dir='ltr'>praeter</span> <span class='ocrx_word' id='word_1_195' title='bbox 1177 3431 1256 3502; x_wconf 92' lang='lat' dir='ltr'>No-</span> 
     </span>
     <span class='ocr_line' id='line_1_28' title="bbox 308 3538 1257 3638; baseline 0.001 -26"><span class='ocrx_word' id='word_1_196' title='bbox 308 3539 403 3612; x_wconf 92' lang='lat' dir='ltr'>nium</span> <span class='ocrx_word' id='word_1_197' title='bbox 418 3540 515 3613; x_wconf 79' lang='lat' dir='ltr'>Jostae</span> <span class='ocrx_word' id='word_1_198' title='bbox 535 3541 758 3632; x_wconf 86' lang='lat' dir='ltr'>Merceri,·&amp;</span> <span class='ocrx_word' id='word_1_199' title='bbox 784 3540 928 3638; x_wconf 82' lang='lat' dir='ltr'>optimas</span> <span class='ocrx_word' id='word_1_200' title='bbox 947 3538 1049 3614; x_wconf 86' lang='lat' dir='ltr'>Gellii</span> <span class='ocrx_word' id='word_1_201' title='bbox 1070 3563 1110 3612; x_wconf 89' lang='lat' dir='ltr'>ac</span> <span class='ocrx_word' id='word_1_202' title='bbox 1132 3540 1257 3613; x_wconf 84' lang='lat' dir='ltr'>Gram-</span> 
     </span>
    </p>
   </div>
   <div class='ocr_carea' id='block_1_11' title="bbox 311 3649 1369 3746">
    <p class='ocr_par' dir='ltr' id='par_1_11' title="bbox 311 3649 1369 3746">
     <span class='ocr_line' id='line_1_29' title="bbox 311 3649 1369 3746; baseline -0.002 -24"><span class='ocrx_word' id='word_1_203' title='bbox 311 3649 510 3722; x_wconf 87' lang='lat' dir='ltr'>maticorum</span> <span class='ocrx_word' id='word_1_204' title='bbox 539 3670 688 3723; x_wconf 86' lang='lat' dir='ltr'>veterum</span> <span class='ocrx_word' id='word_1_205' title='bbox 709 3649 900 3741; x_wconf 80' lang='lat' dir='ltr'>editiones,</span> <span class='ocrx_word' id='word_1_206' title='bbox 918 3652 1084 3721; x_wconf 72' lang='lat' dir='ltr'>Ruborem</span> <span class='ocrx_word' id='word_1_207' title='bbox 1106 3649 1144 3721; x_wconf 88' lang='lat'>&amp;</span> <span class='ocrx_word' id='word_1_208' title='bbox 1165 3651 1258 3746; x_wconf 79' lang='lat' dir='ltr'>Hen-</span> <span class='ocrx_word' id='word_1_209' title='bbox 1363 3659 1369 3680; x_wconf 81' lang='lat'>¹</span> 
     </span>
    </p>
   </div>
   <div class='ocr_carea' id='block_1_12' title="bbox 312 3759 1258 3862">
    <p class='ocr_par' dir='ltr' id='par_1_12' title="bbox 312 3759 1258 3862">
     <span class='ocr_line' id='line_1_30' title="bbox 312 3759 1258 3862; baseline 0 -31"><span class='ocrx_word' id='word_1_210' title='bbox 312 3764 407 3834; x_wconf 74' lang='lat' dir='ltr'>ticum</span> <span class='ocrx_word' id='word_1_211' title='bbox 427 3763 620 3856; x_wconf 77' lang='lat' dir='ltr'>Stephanos,</span> <span class='ocrx_word' id='word_1_212' title='bbox 639 3760 700 3860; x_wconf 89' lang='lat' dir='ltr'>qui</span> <span class='ocrx_word' id='word_1_213' title='bbox 718 3759 907 3862; x_wconf 79' lang='lat' dir='ltr'>fragmenta</span> <span class='ocrx_word' id='word_1_214' title='bbox 921 3762 1115 3857; x_wconf 82' lang='lat' dir='ltr'>Satyratum</span> <span class='ocrx_word' id='word_1_215' title='bbox 1126 3760 1258 3860; x_wconf 30' lang='lat' dir='ltr'>,Varro</span> 
     </span>
    </p>
   </div>
   <div class='ocr_carea' id='block_1_13' title="bbox 0 0 1435 4567">
    <p class='ocr_par' dir='ltr' id='par_1_13' title="bbox 0 0 1435 4567">
     <span class='ocr_line' id='line_1_31' title="bbox 0 0 1435 4567; baseline 0 0"><span class='ocrx_word' id='word_1_216' title='bbox 0 0 1435 4567; x_wconf 95' lang='lat' dir='ltr'> </span> 
     </span>
    </p>
   </div>
  </div>
 </body>
</html>
