2834 4567
327 369 394 445 DE
417 370 596 445 LINGUA
620 369 792 499 mma
815 373 896 447 ΠΒ.
920 377 965 446 V.
1083 398 1129 475 75
1226 309 1239 334 i

58 585 62 590 ,
175 526 264 603 cium
283 523 357 607 huc'
369 531 412 604 ad
424 556 489 606 me.
505 532 624 608 Ptaeco
639 530 677 605 in
693 511 823 631 templo
841 532 989 630 primum
1009 555 1132 629 vocat,

173 637 287 735 postea
307 642 349 715 de
369 641 510 716 moereis
527 641 609 716 item
631 665 748 718 vocat.
766 644 837 719 Ubi
855 644 968 737 lucet,
991 648 1132 739 censor,

172 745 316 838 scriba,
345 749 552 848 magistratus
588 754 750 843 mumha,
767 754 967 854 unguenteis
997 780 1132 854 ungun-

171 865 238 930 tut.
263 856 334 931 Ubi
360 876 546 955 pretores,
567 861 765 961 tribunique
787 864 921 960 plebei,
942 864 1069 964 quique
1095 867 1134 942 in

171 965 354 1038 confilium
379 966 493 1042 vocati
519 967 836 1059 sunt,·venerunt:
857 973 1017 1048 censores
1046 974 1135 1050 inter

172 1073 207 1146 se
235 1072 441 1163 sortiuntur,
471 1097 545 1152 uter
571 1078 709 1153 lustrum
739 1078 863 1172 saciat,
884 1083 944 1157 ubi
970 1081 1135 1179 templum

174 1180 299 1256 saslum
323 1184 380 1261 esl.
399 1186 479 1260 Poll
501 1206 611 1261 autem
636 1188 904 1264 conventionem
932 1191 1060 1282 habet,
1074 1191 1138 1290 qui

174 1291 315 1366 lustrum
336 1294 537 1371 conditurus
560 1296 619 1370 est,
640 1301 678 1370 ln
701 1300 956 1375 commentariis
977 1300 1137 1374 consula-

175 1400 267 1473 ribus
288 1400 447 1499 scriptum
463 1403 510 1478 fic
529 1402 669 1491 inveni,
687 1404 760 1499 Qui
779 1405 968 1481 exercitum
988 1407 1137 1504 impera·

33 1515 37 1522 ’
174 1527 268 1584 tutus
293 1510 380 1599 erit,
399 1513 541 1586 accenso
555 1513 638 1587 dicit
650 1515 738 1601 hoc,
752 1514 938 1612 Calpurni,
953 1540 1043 1590 voca
1057 1515 1138 1590 inli-

174 1619 267 1692 cium
288 1619 421 1694 omneis
441 1620 607 1713 Quiriteis
626 1621 693 1695 huc
714 1622 842 1697 adme.
865 1623 1035 1698 Accensus
1054 1625 1138 1698 dicit

176 1728 247 1816 sic,
271 1729 403 1801 Omnes
429 1728 582 1820 Quirites
600 1727 753 1802 inlicium
775 1728 871 1802 visite
895 1731 965 1803 huc
985 1733 1027 1802 ad
1052 1730 1139 1824 judi·

177 1862 244 1913 ces.
271 1838 313 1911 C.
336 1836 541 1933 Calpurnius
566 1835 670 1927 dicit,
692 1838 791 1911 Voca
813 1837 857 1911 ad
873 1840 1140 1913 conventionem

177 1945 311 2020 omneis
331 1943 497 2038 Quiriteis
523 1945 588 2020 huc
613 1944 742 2020 adme
766 1945 936 2020 Accensus
964 1946 1047 2020 dicit
1068 1948 1140 2034 tic,

179 2057 311 2129 Omnes
320 2055 473 2149 Quirites
484 2054 530 2130 ite
540 2056 582 2128 ad
595 2054 864 2129 conventionem
875 2056 991 2130 bucad
1002 2054 1143 2152 judices.

180 2164 315 2239 Deinde
336 2165 457 2239 consul
476 2163 631 2261 loquitur
649 2164 912 2254 adexercitum,
925 2168 1060 2261 impero
1072 2192 1143 2265 qua

180 2272 347 2347 convenit
368 2274 410 2346 ad
427 2274 568 2366 comitia
589 2272 785 2347 centuriata.
802 2274 918 2366 Quare
938 2275 994 2349 hic
1017 2300 1143 2350 accen·

181 2382 243 2470 so,
266 2381 338 2456 illic
362 2384 514 2480 preconi
538 2383 641 2473 dicit,
661 2384 736 2456 lraec
757 2381 804 2455 esi
822 2383 929 2459 causa.
947 2384 984 2456 in
1007 2386 1143 2485 aliquot

181 2490 284 2564 rebus
312 2489 402 2564 idem
426 2511 463 2564 ut
487 2515 630 2588 preco,
651 2492 810 2566 accensus
835 2492 996 2568 acciebat.
1026 2520 1046 2567 a
1070 2515 1144 2591 quo

182 2599 353 2676 Ascensus
375 2626 514 2701 quoque
533 2602 648 2675 elisius.
672 2602 860 2676 Ascensum
892 2602 1028 2676 solitum
1054 2605 1144 2680 ciete

180 2711 315 2786 Boeotia
327 2712 495 2787 oslendit:
509 2738 611 2811 quam
630 2710 836 2818 comoediam
854 2712 911 2786 alii
923 2713 989 2786 effe
1004 2713 1144 2790 dicum:

183 2822 252 2896 hoe
278 2820 402 2911 versu,
427 2824 495 2897 Ubi
518 2824 663 2920 primum
685 2822 841 2898 accensus
866 2824 1018 2898 clamarit
1043 2827 1146 2897 meri·

183 2930 284 3004 diem.
305 2932 385 3006 Hoc
404 2932 493 3005 idem
521 2932 713 3006 Cosconius
734 2933 769 3006 in
790 2932 978 3008 astionibus
1001 2932 1145 3021 scribit,

186 3059 364 3138 pretorem
374 3041 547 3116 accensum
562 3041 699 3116 solitum
715 3060 788 3134 tum
802 3044 867 3118 elle
882 3042 1000 3140 jubere
1011 3096 1023 3132 ,
1036 3044 1094 3116 ubi
1112 3043 1145 3118 ei

189 3148 366 3224 videbatur
383 3153 502 3227 horam
516 3152 582 3227 esse
598 3154 750 3243 tertiam,
761 3154 943 3228 inclamare
957 3154 1075 3225 horam
1094 3152 1147 3226 es·

185 3258 218 3332 se
238 3257 390 3348 muana,
406 3261 553 3358 itemque
579 3262 775 3350 meridiem,
798 3263 836 3335 δι
864 3262 984 3332 horam
1007 3272 1148 3358 nonam

183 3370 323 3446 Circum
338 3393 412 3443 aras
425 3369 514 3444 mitti
529 3369 682 3461 solitum,
692 3390 800 3468 quom
816 3367 969 3442 inliceret
981 3366 1146 3465 populum

112 3474 117 3488 '
187 3479 222 3552 in
241 3503 319 3553 eum
334 3476 474 3568 locum,
493 3480 583 3552 unde
603 3502 729 3552 vocare
749 3474 855 3573 posset
871 3476 914 3551 ad
935 3478 1148 3552 conventio⁴

88 3643 91 3646 .
188 3610 264 3659 nem
288 3587 466 3677 vocantis,
484 3611 557 3661 non
575 3586 684 3658 solum
703 3585 745 3657 ad
766 3583 964 3659 consulis&
976 3585 1146 3675 centoris,

186 3692 357 3767 sedetiam
375 3695 574 3792 quaesloris,
588 3713 626 3770 ut
646 3693 927 3768 commentarium
948 3682 1075 3767 indicat
1087 3718 1166 3779 vei,
1321 3713 1324 3720 ’

186 3820 244 3879 tus
274 3802 505 3903 inquisitionis
528 3808 578 3877 M.
606 3803 712 3903 Sergii
731 3803 826 3877 Mani
852 3802 913 3880 filii
940 3802 1147 3902 questoris,
