2834 4567
268 358 931 437 tNFRAGMENTA.
1031 360 1097 456 381
1192 322 1195 331 ¹

146 545 208 588 tum
227 522 382 585 videsset!
397 521 479 584 estin
495 522 566 581 libris
584 520 740 597 veteribus,
757 541 869 603 tympen.
884 518 955 580 unde
974 517 1100 601 suspicor,
1159 506 1164 520 ’
1251 502 1257 533 '

145 608 175 666 in
196 605 293 669 Nonio
315 605 369 687 leg.
399 604 494 664 Tamti
511 602 594 663 rnalc.
619 605 748 684 generis;
771 602 802 664 &
828 621 934 681 tympen
947 602 1098 740 (abducere.

147 686 234 747 facete
255 686 369 759 lcitum,
386 687 414 745 in
438 705 513 766 quo,
533 683 608 743 velut
635 684 663 741 in
685 682 825 764 sepulcro,
842 702 946 762 compo
958 702 1009 742 itus
1029 685 1101 757 jarer

146 767 227 827 dives
241 784 375 849 aegrotus,
389 783 473 828 vocat
489 784 616 848 tympen.
634 762 670 824 Et
683 783 746 825 eam
761 762 816 825 elie
832 782 929 827 veram
948 761 1103 838 leiliouem,

145 847 233 910 ausint
248 846 401 929 praestare·

489 953 613 1054 Pagina
640 975 722 1049 304.

187 1088 294 1152 Saum
311 1087 494 1170 vatiaum]
516 1088 608 1163 Hujus
619 1088 760 1169 proverbii
778 1086 855 1159 usus,
871 1086 919 1148 ubi
936 1108 1039 1171 magna
1049 1087 1103 1150 fre-

147 1173 258 1251 quentia
275 1169 446 1231 sordidorum
470 1170 631 1245 hominum,
646 1189 765 1250 quorum
787 1190 831 1229 arr
847 1167 879 1229 &
895 1188 984 1249 opera
996 1189 1103 1230 venum

147 1251 167 1310 it
179 1269 187 1310 :
201 1268 230 1310 ut
248 1250 307 1312 sunt
325 1252 353 1312 in
372 1253 438 1312 aulis
456 1252 610 1333 principum
631 1250 773 1312 satellitum
789 1251 916 1331 agmina,
935 1252 963 1309 in
978 1252 1105 1311 tribuna·

146 1332 217 1391 libus
229 1351 325 1415 greges
343 1334 515 1405 fabularum,
534 1335 561 1391 in
577 1331 717 1392 funeribus
731 1348 879 1392 atratorurn
897 1338 1024 1393 calervtr.
1042 1331 1104 1394 Cic.

146 1413 183 1472 ad
202 1410 317 1479 Fabium
327 1413 458 1475 Gallum:
475 1414 570 1472 Habes
584 1415 687 1472 Sardos
697 1413 822 1485 venales,
838 1412 922 1471 alium
935 1413 989 1473 alio
999 1413 1105 1493 nequio-

47 1532 49 1537 .
145 1515 205 1552 rem.
220 1492 312 1575 Origo
327 1515 360 1554 ex
376 1516 421 1565 eo,
437 1492 513 1574 quod
526 1491 624 1553 Tiber.
640 1490 784 1553 Gracchus
800 1490 866 1553 Cns.
878 1512 941 1551 cum
952 1492 1104 1555 Sardiniam

147 1573 348 1654 Corsicamque
363 1573 428 1634 lube
448 1572 524 1643 ilict,
545 1572 612 1631 nihil
629 1572 728 1653 praedae
746 1571 808 1631 inde
823 1571 985 1646 abduxerit,
1008 1593 1104 1667 praeter

147 1655 537 1796 lllzllzlmallmlll
555 1653 759 1793 llllllll
768 1653 1105 1795 ’lll‘llrllld'llil

145 1813 244 1876 festus
259 1815 305 1875 lib.
331 1835 383 1893 17,
400 1816 431 1876 δι
452 1754 569 1875 libelis
586 1815 620 1873 de
644 1814 763 1897 Origine
780 1812 999 1894 principibusque
1014 1754 1106 1895 ¹gentis

148 1895 305 1969 Romana,
325 1898 405 1971 cujus
420 1895 558 1956 auilorettt
573 1894 627 1955 elle
645 1895 688 1975 Q
706 1893 858 1955 Asconium
873 1892 1040 1968 Paediauum,
1053 1895 1107 1957 mi.

148 1978 176 2037 hi
194 1978 304 2056 quidem
319 1976 430 2037 nonest
446 1977 569 2038 dubium.

191 2058 226 2117 Te
246 2061 333 2123 Anna
346 2079 458 2140 perenne
476 2057 554 2140 δια]
572 2056 613 2117 lta
628 2056 679 2117 bos
696 2055 791 2117 versus
804 2054 991 2116 emendandos
1006 2055 1105 2117 censeo
1161 2056 1165 2073 ¹

148 2139 224 2220 apud
239 2138 363 2200 Gellium
387 2139 431 2199 lib.
456 2157 505 2219 13,
520 2159 581 2219 cap.
599 2158 643 2198 at.
664 2138 748 2198 Anna
773 2137 894 2199 Perenna
912 2135 1049 2197 colebatur
1068 2136 1105 2196 ad

148 2220 256 2281 initium
275 2223 356 2293 anni,
382 2220 410 2280 id
425 2218 485 2292 ell,
514 2219 581 2279 ldib.
610 2219 695 2279 Mart.
716 2239 773 2297 quo
800 2239 917 2292 annare,
939 2236 1105 2298 perennare-

148 2321 203 2381 que
217 2303 366 2363 commode
385 2302 491 2370 liceret,
503 2300 611 2359 auilore
625 2299 784 2359 Macrobio.
803 2298 891 2360 Ouid,
907 2299 953 2360 lib.
970 2320 985 2382 3
1002 2295 1105 2362 Fallet.

191 2385 251 2442 Nec
270 2384 334 2441 milri
350 2403 436 2460 parua
453 2382 543 2457 fides,
563 2399 648 2440 annos
669 2381 730 2436 ltine
749 2379 796 2460 effe
813 2379 930 2459 priores:
990 2438 996 2445 ,
1090 2426 1093 2433 .

83 2470 86 2475 ’
191 2468 279 2525 Anna
299 2466 369 2543 quod
387 2464 435 2522 hoc
454 2479 536 2540 erepta
556 2463 590 2543 ‘ll
609 2461 690 2541 mense
708 2460 829 2521 Perenna
848 2462 908 2523 coli.

174 2561 202 2606 l.

191 2624 280 2685 Idibus
299 2625 333 2704 efi
353 2626 442 2685 Arrun
454 2622 548 2704 sepum
566 2622 670 2701 geniale
692 2622 831 2700 Perenna,

190 2707 257 2767 Non
274 2704 368 2785 procul
385 2728 404 2764 a
424 2703 488 2785 ripis
508 2709 611 2764 advena
635 2705 716 2784 Tybri
736 2704 799 2764 tuis.

151 2784 245 2846 Panda
257 2786 391 2868 appellata
407 2783 475 2844 esta
490 2784 651 2865 pandendo,
672 2786 748 2865 quod
764 2783 832 2845 'lito
844 2781 945 2857 Tatio,
963 2781 1106 2863 Capitoli-

150 2888 219 3010 ilsi
231 2866 973 3023 lellllssllss‘lalllldlilllill?
1001 2865 1106 3027 iili
1177 2918 1186 2932 ·
1242 2868 1246 2883 ’

86 3030 89 3033 ’
151 3030 206 3112 puli
219 3030 304 3091 Rom.
318 2993 435 3095 ’eandem
450 3046 527 3110 putat
543 3050 606 3090 curn
623 3027 745 3103 Cerere,
763 3027 940 3109 diilamquea
951 3049 1021 3109 pane
1037 3028 1107 3087 ‹lan-

153 3112 210 3185 do,
226 3111 301 3191 quod
313 3113 359 3190 qui
380 3131 435 3190 ope
454 3111 623 3194 indigerent,
638 3110 670 3171 δι
683 3110 718 3170 ad
730 3108 837 3191 asylum
851 3108 959 3170 Cereris
974 3107 1108 3192 confugis·

151 3192 324 3271 (campanis
342 3192 460 3250 daretur.

194 3275 297 3347 narie,
311 3269 423 3352 Palen]
446 3273 548 3345 nerii,
565 3269 671 3331 Dorice
687 3291 739 3352 pro
762 3270 858 3347 Λητὼ,
878 3268 1002 3346 latona,
1019 3271 1108 3350 Apol-

152 3351 260 3415 linis&
281 3352 380 3415 Dianae
403 3372 497 3412 mater.
520 3351 616 3426 Pales,
633 3351 696 3412 Dea
713 3351 852 3433 pallorum
866 3354 897 3412 ἃ
915 3352 1037 3431 peeoris,
1058 3373 1108 3411 ru-

153 3434 277 3576 gggrstsesta
294 3435 404 3505 Palilia,
418 3433 464 3494 vel
479 3432 594 3511 Parilia,
610 3433 669 3496 XX
688 3433 750 3496 Kal
764 3431 865 3509 Maias.
886 3432 1011 3497 Ovidius
1025 3431 1071 3496 lib.
1086 3451 1108 3508 4

71 3563 80 3588 ,
217 3537 257 3577 or.

314 3594 418 3655 Palilia
433 3594 534 3675 poscor.

193 3680 259 3738 Nun
274 3677 366 3755 poscor
375 3676 489 3758 fnestra,
504 3678 533 3755 fi
563 3691 625 3735 avet
644 3676 716 3737 altera
737 3675 826 3737 Pales.

195 3757 357 3835 Nemeaeu]
381 3757 456 3836 Quae
476 3762 509 3819 δι
555 3758 614 3816 erio
638 3760 669 3818 &
689 3753 795 3828 Neria,
817 3753 918 3835 conjux
941 3752 1057 3817 Martie:
1071 3750 1108 3816 tle
1132 3802 1135 3809 .

153 3859 210 3921 qua
227 3839 313 3903 multa
324 3838 428 3904 Gellius
442 3839 509 3911 loce
525 3838 592 3916 ilo,
609 3856 691 3921 quent
710 3838 890 3903 laudavimus.
