2834 4567
221 325 224 334 ’
315 333 379 409 na
401 331 578 410 amour
602 328 773 405 Laniui
798 331 963 437 un...vr.
1069 331 1112 435 85

154 495 393 601 Olympiadas.
409 501 459 574 lta
472 494 563 570 enirn
575 493 618 567 ab
634 491 844 567 terrestribus
864 491 968 566 loeeiu
985 516 1117 590 cogno·
1239 503 1244 511 ’
1352 581 1357 594 ⁸

157 606 291 681 minatae
314 603 543 693 Libethrides,
562 601 747 697 Pipleides,
765 600 985 698 pimpliades,
1010 601 1117 675 Thes·

156 717 291 814 piades,
306 713 553 790 Heliconiades.
566 711 671 806 Quafi
683 710 939 808 Hellespontum
950 765 962 802 ‚
972 714 1010 786 δι
1024 713 1117 785 clau·

155 825 239 899 sira:
263 825 360 924 quod
386 824 518 897 Xerxes
544 820 717 919 quondam
739 845 817 894 eum
845 821 961 896 locurn
989 821 1118 896 claust.

156 936 270 1024 Nam,
289 952 327 1006 ut
353 933 397 1007 nir
420 932 569 1022 Ennius,
598 931 694 1030 Isque
722 932 954 1027 Hellesponto·
975 950 1117 1029 pontem
1144 965 1147 974 ¹

153 1044 333 1119 contendit
351 1043 385 1116 in
401 1045 484 1117 alto.
502 1040 574 1115 Nisi
594 1042 637 1115 ab
657 1065 723 1131 eo,
742 1042 836 1139 quod
857 1041 964 1116 Adam
987 1045 1024 1118 δι
1047 1044 1115 1115 Eu·

18 1231 24 1248 ,
153 1180 276 1252 roparn
291 1155 336 1227 ibi
358 1153 535 1229 concludit
551 1177 664 1243 mare,
684 1151 828 1228 &inter
847 1151 1011 1252 angustias
1033 1151 1116 1228 facit

152 1263 373 1362 Propontidis
388 1263 511 1339 fauces.
529 1260 717 1351 Pacuvius,
738 1261 837 1360 Liqui
864 1261 900 1334 in
922 1265 1027 1360 AEgeo
1047 1263 1115 1338 fre·

152 1390 205 1446 to.
227 1373 365 1447 Diuum
384 1378 518 1445 Fretum
536 1397 556 1445 a
577 1371 791 1445 similitudine
811 1371 973 1446 ferventis
995 1398 1113 1470 aquaet

152 1487 249 1580 quod
261 1484 296 1556 in
317 1482 439 1557 fretum
458 1482 545 1580 saepe
565 1501 747 1557 concurrat
763 1481 878 1572 aetlus,
893 1501 994 1583 atque
1013 1484 1114 1579 effer·

153 1593 276 1668 vescar.
290 1595 430 1690 AEgeum
449 1592 573 1665 didlum
594 1591 637 1664 ab
654 1590 808 1679 insuleis,
821 1593 915 1686 quod
930 1593 965 1666 in
982 1618 1026 1666 eo
1043 1619 1113 1671 ma·

16 1741 22 1772 t
151 1700 184 1771 ri
205 1700 249 1773 sic
272 1698 403 1795 scopuli
423 1716 616 1786 vocantur,
637 1722 657 1768 a
682 1697 894 1772 similitudine
915 1725 1114 1795 caprarum,·
1272 1771 1277 1780 .

150 1811 251 1895 αἶγες.
270 1809 450 1884 Pacuvius.
472 1807 624 1907 (AEges)
644 1806 749 1880 ferme
767 1807 905 1882 aderant
925 1834 1063 1906 aequore
1075 1813 1112 1885 in

101 1939 105 1952 '
150 1920 224 1996 alto
244 1921 372 1995 ratibus
395 1918 602 2017 repentibus.
624 1920 758 2016 AEquor
774 1943 865 1991 mare
882 1920 1113 2017 appellatum,

151 2027 246 2123 quod
268 2046 463 2124 aequatum,
480 2042 694 2100 commotum
722 2043 830 2099 vento
852 2049 923 2097 non
942 2026 1000 2099 esi⁴
1018 2026 1112 2101 Raris

154 2135 251 2210 navis
272 2136 375 2235 longa
389 2135 534 2210 dicitur:
549 2154 586 2209 ur
604 2134 755 2223 Ennius,
769 2159 846 2209 cum
860 2135 927 2225 ait,
940 2137 1110 2212 Conferre

153 2261 211 2318 aut
229 2264 332 2320 ratem
353 2265 486 2320 aeratam
508 2245 568 2344 qui
587 2245 695 2342 perit,
715 2248 753 2319 δι
773 2245 831 2345 qui
850 2245 927 2320 dum
950 2272 1041 2320 mare
1054 2246 1109 2320 su·

154 2353 270 2429 dantes
290 2375 389 2442 eunt,
407 2373 509 2451 atque
525 2353 684 2428 sedentes.
701 2353 794 2425 Raris
811 2352 896 2428 diua
916 2356 1014 2430 navis
1028 2357 1109 2430 lon-

152 2486 195 2559 ga
207 2479 346 2560 propter
359 2488 490 2551 mutos,
508 2464 603 2562 quod
619 2462 674 2552 hi,
687 2488 764 2537 cum
779 2488 838 2560 per
854 2489 976 2562 aquam
989 2467 1109 2546 sublati

146 2567 228 2648 sunt
244 2570 362 2645 dextra
381 2573 420 2646 δι
439 2572 587 2663 sinistra,
604 2572 687 2645 duas
703 2573 826 2669 parteis
838 2574 972 2648 efficere
985 2576 1109 2650 viden·

150 2694 218 2752 tur.
238 2678 317 2752 ratis
335 2679 541 2768 enirn,unde
554 2680 622 2757 hoc
636 2680 855 2773 translatum,
868 2680 940 2759 illic·
956 2681 1016 2756 ubi
1029 2683 1109 2783 plu·

151 2809 204 2861 res
226 2786 307 2860 mali
323 2806 382 2861 aut
404 2787 531 2861 afferes.
807 2785 809 2789 ’

503 2897 600 2997 Deest
617 2903 753 2994 pagina.

152 3002 297 3101 Agrestis
317 3005 360 3079 ab
373 3028 468 3105 agro.
487 3004 611 3081 Insulas
632 3007 736 3080 didas
748 3025 884 3105 apparet
897 3005 932 3081 in
951 3008 1109 3106 hollieis,'

150 3115 248 3213 quod
263 3115 445 3191 velamenta
465 3141 485 3189 e
502 3117 597 3208 lana,
610 3142 685 3213 quae
698 3118 890 3209 adduntur,
904 3118 1043 3212 Insula,
1055 3121 1110 3194 in·
1163 3203 1165 3210 ,

150 3241 201 3297 tra
218 3222 398 3298 hosliarum
424 3250 553 3299 cornua
569 3226 758 3301 velamenta
779 3249 882 3299 erant.
904 3225 1017 3324 itaque
1030 3254 1109 3304 cunt

149 3333 190 3407 ad
208 3332 398 3430 sepulcrum
419 3333 530 3409 ferunt
554 3334 693 3410 frondes
720 3354 820 3433 atque
843 3333 966 3424 llores,
982 3338 1109 3415 addunt

150 3466 241 3528 nune
265 3442 377 3532 lanas,
400 3440 453 3515 sed
475 3443 600 3517 velatas
629 3440 840 3516 frondenteis
864 3466 989 3520 comas.
1018 3448 1110 3523 Cor-

150 3567 280 3622 nuaram
300 3550 451 3624 umbram
469 3549 547 3650 jaci.
570 3551 698 3625 Dicere
720 3569 856 3645 apparet
876 3572 1110 3629 cornuatama

108 3731 111 3736 ,
150 3659 320 3732 cornibus.
336 3661 476 3732 Cornua
495 3686 514 3732 a
538 3682 689 3732 curvore
708 3655 925 3755 disla‚quod
948 3660 1108 3758 pleraque
1177 3705 1181 3714 ·

150 3791 341 3846 curvamus.
360 3770 405 3842 At
420 3791 504 3868 quas
518 3783 684 3843 memorat
703 3764 798 3840 nosse
811 3787 878 3841 vos
899 3765 964 3841 effe
976 3766 1110 3850 Casmez

247 3899 250 3902 ·
845 3877 916 3969 Fr
986 3949 992 3966 „
