2834 4567
250 449 255 460 ,
294 369 342 441 60
436 452 441 461 ,
495 367 545 440 u.
567 319 785 441 Tanaum
810 359 1079 450 vannouuf

292 525 381 599 inter
403 521 545 599 hostiam
569 524 684 599 caesam
707 527 746 601 δε
765 544 841 600 exta
862 527 1112 622 porrecia-fas:
1136 555 1155 603 a
1178 555 1250 628 quo

292 633 386 731 quod
408 632 458 707 fas
480 652 554 727 tum
580 634 775 724 intercedit,
796 634 941 709 intercisi
965 637 1055 727 dics,
1073 656 1132 711 aut
1155 639 1250 736 quod

292 763 363 818 tum
375 719 587 832 intercisum,
599 743 701 819 nefas.
719 746 803 820 Dies
816 744 876 843 qui
888 763 1034 820 vocatur
1046 745 1111 836 tic,
1126 750 1250 840 Quan-

292 853 338 925 do
349 877 407 925 rex
415 851 626 940 comitiavit,
638 851 685 926 fas
699 880 709 926 ε
724 853 830 926 didus
838 855 883 927 ab
889 855 1057 951 eo,qu0d
1070 859 1176 930 eodie
1188 882 1249 930 rex

291 959 494 1037 sacrificulus
509 961 601 1037 dicat
613 963 655 1035 ad
674 948 866 1049 comitium,
879 964 1039 1063 Adquod
1059 984 1191 1061 tempus
1202 965 1250 1039 est
1336 977 1341 987 '

293 1049 408 1161 riefas,
427 1074 527 1173 abeo
545 1070 602 1146 fat.
622 1074 738 1170 Itaque
756 1072 831 1169 post
849 1073 882 1145 id
896 1093 1029 1171 tempus
1044 1074 1117 1174 lege
1138 1077 1249 1148 adium
1390 1113 1407 1138 υ

290 1182 388 1279 saepe.
404 1183 489 1258 Dies
505 1177 564 1281 q'ui
583 1202 753 1273 vocatur,
767 1185 920 1279 Quando
933 1186 1057 1262 stercus
1077 1188 1250 1278 delatum,¹

284 1285 357 1368 ‘fue
374 1292 417 1364 ab
437 1315 480 1366 eo
495 1292 702 1389 appellatum
723 1293 818 1390 quod
841 1317 885 1368 eo
905 1294 959 1368 die
983 1320 1025 1368 ex
1045 1297 1115 1369 aede
1139 1295 1249 1368 Veste

292 1397 419 1473 stercus
445 1401 642 1488 everritur,
661 1405 700 1477 δι
724 1427 783 1499 per
804 1403 1037 1499 Capitolinum
1059 1405 1187 1478 clivum
1209 1403 1249 1478 in

288 1507 404 1584 locum
429 1508 576 1584 defertur
596 1531 734 1585 certum.
755 1513 909 1587 Allienus
928 1515 999 1589 dies
1019 1516 1061 1589 ab
1081 1513 1170 1588 Allia
1184 1513 1248 1586 flu·

288 1620 353 1691 vio
365 1620 481 1695 dinus.
496 1647 572 1708 nam
586 1622 633 1696 ibi
645 1624 795 1698 exercitu
810 1626 926 1713 nostro
939 1626 1072 1728 fugato,
1081 1626 1173 1701 Galli
1183 1625 1248 1708 oba

288 1724 443 1801 sederunt
458 1732 613 1806 Romam.
627 1732 735 1824 Quod
749 1734 790 1805 ad
804 1733 1012 1832 [iugulorum
1030 1734 1159 1810 dietum
1179 1758 1248 1807 vo·

287 1831 405 1911 cabula
426 1840 592 1935 pertineat
604 1841 685 1916 dixi.
698 1843 867 1915 Menfium
888 1846 1026 1918 nomina
1047 1845 1121 1920 sunt
1133 1862 1248 1940 aperta

220 2039 224 2046 ι
287 1946 414 2037 fere‚s1
434 1974 453 2020 a
473 1951 622 2037 Martio,
640 1968 678 2046 ut
689 1949 820 2045 antiqui
834 1951 1067 2039 instituerunt,
1080 1976 1247 2026 numeres.

289 2058 376 2129 Nam
397 2057 524 2153 primus
544 2083 564 2131 a
585 2061 705 2130 Marte.
725 2061 896 2131 Secundus
916 2058 978 2158 (ut
995 2059 1133 2133 Fulvius
1149 2060 1247 2133 Flac·

288 2189 349 2241 cus
369 2164 503 2252 scribit,
523 2169 561 2241 δι
582 2166 698 2239 lunius
717 2167 922 2266 Gracchus)
943 2194 962 2242 a
983 2172 1137 2259 Venere,
1151 2170 1246 2267 quod

286 2298 325 2348 ea
346 2273 385 2344 fit
409 2280 578 2369 Ἀφροδίτη.
601 2272 699 2370 cujus
726 2299 852 2349 nomen
877 2301 963 2375 ego,
982 2269 1150 2377 antiqueis'
1170 2277 1247 2352 lite·

286 2385 379 2475 reis,
397 2388 493 2483 quod
510 2385 671 2485 nusquam
693 2388 834 2477 inveni,
858 2391 964 2489 magis
987 2411 1072 2489 puto
1096 2393 1245 2482 didum,

286 2497 381 2595 quod
396 2522 458 2571 ver
473 2497 588 2571 omnia
599 2497 707 2592 aperit
717 2550 730 2588 ‚
740 2499 904 2595 Aprilem.
923 2501 1084 2590 Tertius,
1099 2527 1119 2573 a
1132 2499 1243 2592 main·

220 2653 227 2666 ·
285 2606 1092 2702 ribus,Majus.Quartus,ajunioribus,Junius.
1102 2611 1243 2684 Dehinc

1302 227 1310 275 Ι

286 2715 426 2812 quintus
441 2714 626 2806 Quintilis,
638 2715 677 2788 δι
694 2715 740 2790 fic
756 2714 913 2811 deinceps
930 2714 1032 2814 usque
1045 2717 1087 2789 ad
1095 2717 1244 2793 netem·
1397 2805 1403 2814 Ι

285 2822 380 2895 brem
392 2848 412 2894 a
422 2845 576 2894 numero.
591 2821 644 2893 Ad
659 2823 722 2895 hus
735 2822 794 2921 qui
806 2822 933 2913 additi,
953 2824 1072 2920 priora
1086 2824 1243 2919 Principe

200 2957 211 2968 ·
259 2931 369 3024 'Iano
391 2931 563 3014 Ianuarius
584 2932 777 3030 appellatus.
796 2932 986 3021 Posterior,
1003 2951 1042 3005 ut
1066 2932 1166 3008 iidem
1187 2933 1243 3006 di·

287 3037 370 3118 cunt
389 3044 592 3140 scriptores,
607 3047 648 3117 ab
667 3044 746 3117 Diis
764 3044 898 3117 infereis
908 3043 1104 3139 februarius
1123 3046 1242 3142 appel·

284 3151 389 3239 latus,
408 3152 503 3248 quod
527 3172 599 3225 tum
619 3151 690 3225 heis
713 3172 915 3247 patentetur.
934 3156 1007 3252 Ego
1029 3152 1131 3254 magis
1150 3153 1242 3227 arbi·
1257 3191 1263 3256 [-

284 3279 358 3337 tror
373 3265 619 3342 Februariuma
637 3265 691 3338 die
707 3264 881 3356 februat0‚
895 3269 991 3365 quod
1008 3287 1081 3341 rum
1097 3265 1241 3365 Februa·

285 3393 340 3446 tur
358 3375 528 3472 populus,
545 3376 580 3448 id
597 3375 645 3449 est
655 3430 669 3465 ,
686 3377 850 3472 lupetceis
871 3376 988 3450 nudeis
1007 3377 1166 3450 lustratur
1180 3399 1240 3447 an·

286 3480 418 3579 tiquum
434 3483 598 3579 oppidum
610 3484 795 3573 Palatium,
807 3484 963 3584 gregibus
976 3485 1132 3559 cincium.

316 3589 443 3680 ¹Quod
456 3590 498 3661 ad
508 3593 877 3686 temporumvocabula
889 3593 1007 3665 Latina
1020 3589 1152 3676 attinet,
1161 3589 1239 3664 hac·
1301 3629 1303 3644 =

287 3716 384 3772 tenus
404 3698 443 3771 fit
463 3700 539 3773 satis
562 3701 697 3777 diuum.
719 3704 821 3777 Nunc
837 3705 932 3800 quod
952 3700 994 3776 ad
1011 3723 1064 3772 eas
1085 3722 1138 3773 res
1159 3699 1239 3772 atti·

287 3828 362 3901 net,
377 3833 452 3907 quae
471 3807 506 3883 in
525 3829 678 3909 tempore
697 3811 814 3910 aliquo
837 3808 909 3886 fieri
925 3807 1239 3901 animadverterint,
