2834 4567
277 367 347 439 ,ιο
483 346 533 417 u.
557 287 781 440 Tanaum
806 343 1046 420 vnnuours

153 587 156 594 ,
270 507 309 579 &
325 502 432 577 limo:
446 501 492 579 lic
508 503 640 595 nihilo,
659 529 732 579 non
746 504 827 581 huic
848 505 959 584 nihili.
973 506 1085 583 Potest
1097 504 1167 585 dici
1183 525 1246 606 pai

271 616 379 691 tricus
394 614 512 707 casus,
529 634 567 694 ut
587 616 619 692 ei
634 639 882 716 praeponuntur
897 618 1103 715 pronomina
1124 620 1245 717 plura:

271 747 310 803 ut
327 728 384 805 hic
406 726 500 804 casus
528 730 707 823 Terentii,
728 730 820 805 hunc
847 729 959 806 casum
983 729 1165 819 Terentii3
1189 732 1244 806 hic

269 837 367 912 miles
387 838 662 938 legionis,hujus
678 841 796 916 militis
823 841 985 941 legionis,
998 841 1090 918 hunc
1104 842 1246 916 militem
1386 869 1391 878 ·

251 946 428 1050 legionis.
451 949 609 1049 Naganr‘,
629 975 708 1026 cum
726 950 842 1025 omnis
866 971 985 1026 natura
1009 950 1049 1026 lit
1070 972 1129 1027 aut
1145 977 1245 1040 mas,

240 1155 247 1164 ι
270 1055 490 1151 autfemina,
509 1078 568 1134 aut
581 1079 765 1153 neutrum,
778 1060 981 1135 debuillerx
1000 1060 1158 1161 singultis
1175 1085 1245 1136 vo·

269 1165 367 1239 cibus
388 1184 500 1241 ternas
519 1164 644 1267 figuras
667 1170 918 1244 vocabulorum
945 1168 1043 1261 lieri,
1066 1191 1105 1247 ur
1125 1174 1245 1261 albus,

270 1278 365 1365 alba,
383 1278 518 1351 album:
534 1305 627 1355 nunc
646 1277 719 1355 fieri
736 1279 772 1352 in
791 1279 926 1355 mulleis
948 1282 1048 1357 rebus
1066 1282 1185 1371 binas,
1209 1302 1247 1356 ut

270 1386 453 1475 Metellus,
468 1387 631 1463 'Metellae
647 1389 815 1464 nonnulla
840 1388 989 1488 fingula,
1003 1407 1040 1462 ut
1052 1392 1218 1488 tragoedia
1233 1442 1245 1481 ,

269 1496 455 1570 comoedia.
480 1497 526 1572 fic
544 1497 612 1572 effe
637 1501 816 1589 Marcum,
836 1497 1064 1573 Numeriumr
1088 1518 1122 1574 at
1146 1502 1244 1572 Mar·

269 1629 372 1694 cam,
398 1610 437 1682 δι
463 1606 662 1681 Numeriam
683 1634 777 1683 non:
799 1609 869 1682 dici
890 1633 1059 1697 corvum,
1079 1612 1245 1700 turdum,

270 1738 345 1788 non
367 1715 436 1790 dici
455 1741 622 1808 corvam,
643 1718 788 1792 turdam.
803 1736 923 1793 contra
938 1720 1006 1794 dici
1028 1721 1245 1817 pantheram,

271 1825 458 1915 merulam,
473 1851 545 1899 non
565 1828 878 1924 dicipanrherum,
900 1829 1082 1903 merulum.
1105 1829 1244 1904 Nullius

270 1937 422 2013 nollrum
442 1938 567 2028 filium,
582 1938 760 2028 &liliam,
773 1962 846 2011 non
865 1957 944 2033 apte
957 1937 1102 2012 discerni
1116 1963 1245 2012 marem

268 2075 311 2123 ac
331 2048 517 2135 feminam3
539 2067 576 2121 ur
602 2048 803 2121 Terentium
825 2049 864 2121 &
890 2033 1096 2120 Terentiam.
1120 2067 1244 2130 contra

266 2159 427 2232 Deorum
450 2156 598 2244 liberos,
614 2157 655 2231 &
675 2153 855 2228 servorum
876 2179 950 2229 non
965 2155 1106 2229 itldcm:
1097 2173 1156 2227 ·ut
1178 2158 1239 2230 lo·

269 2265 325 2338 vis
345 2247 452 2336 filium
474 2268 512 2338 &
532 2209 664 2354 filiim,
687 2286 762 2336 non
787 2264 911 2337 lovem
936 2266 975 2341 &
997 2265 1132 2340 loram.
1161 2263 1243 2338 irem
1304 2330 1314 2348 ,

200 2417 205 2426 ·
270 2397 430 2472 magnum
443 2398 625 2448 numerum
637 2373 914 2450 vocabulorum
904 2401 941 2447 m
954 2376 1022 2449 hoc
1035 2397 1243 2474 generenon

269 2484 404 2561 serrare
422 2484 607 2611 analogias.
628 2486 684 2558 Ad
701 2485 776 2558 lraec
792 2485 957 2576 dicimus,
976 2487 1090 2560 omnis
1111 2485 1243 2558 orario·

268 2599 322 2669 nis
330 2622 565 2695 quamvis
530 2623 565 2670 r
554 2620 584 2670 s
604 2619 726 2669 natura
745 2593 867 2684 subfir,
879 2614 991 2668 tamen
1004 2594 1028 2669 fi
1040 2618 1079 2667 ea
1096 2594 1133 2666 in
1146 2592 1241 2666 usum

170 2769 175 2784 .
266 2730 343 2779 non
368 2708 588 2803 pervenerit,
613 2731 658 2782 eo
688 2733 761 2782 non
792 2707 974 2834 pervenire
1002 2708 1135 2780 verbar
1125 2705 1242 2776 ideo

266 2840 376 2917 equus
393 2816 518 2891 dicitur
543 2821 582 2894 &
601 2843 700 2917 equa
724 2819 759 2893 in
781 2818 842 2891 usu
861 2818 952 2893 enim
976 2819 1100 2891 horum
1125 2793 1243 2888 discri-

265 2927 381 3001 mina:
396 2951 527 3001 corvus
543 2930 581 3002 δι
596 2952 705 3004 curva
719 2951 803 3002 non.
817 2926 912 3021 quod
925 2925 993 2997 line
1006 2924 1065 2996 usu
1081 2923 1132 3005 id,
1147 2922 1240 3021 quod

220 3051 223 3058 ’
259 3034 433 3110 dissimilis
458 3055 591 3111 natura.
621 3040 739 3131 Iraque
764 3034 920 3132 quadam
948 3031 1046 3107 aliter
1064 3032 1178 3122 olim,
1202 3035 1241 3107 &

267 3146 385 3221 nuncu
403 3167 475 3220 tum
494 3170 615 3220 omnes
628 3169 737 3219 mares
756 3147 795 3219 &
809 3141 945 3218 feminac
960 3144 1160 3219 dicebantur
1177 3167 1240 3217 co·

165 3350 177 3356 ,
268 3256 415 3344 lumbae,
435 3257 531 3355 quod
551 3280 625 3332 non
647 3273 744 3327 crant
757 3253 793 3326 iu
812 3278 858 3327 co
872 3254 932 3325 usu
945 3254 1134 3329 domestico
1143 3278 1241 3351 ,quo

268 3394 371 3444 nunc
391 3390 514 3444 contra
534 3386 678 3464 propter
701 3365 906 3440 domesticos
926 3351 1002 3441 ulus
1017 3366 1143 3463 quod
1133 3386 1240 3439 mter·

268 3480 435 3554 novimus
444 3478 653 3576 ,appellatur
674 3503 767 3568 mas,
790 3476 998 3552 columbus.
989 3475 1164 3563 ·lemina,
1179 3499 1239 3549 co·
1287 3521 1294 3540 ι

266 3574 392 3663 lumba.
408 3588 495 3659 Nam
513 3611 594 3661 cum
613 3585 649 3658 in
668 3584 732 3659 tria
745 3609 866 3682 genera
887 3584 1020 3670 tranfir,
1037 3586 1075 3656 &
1089 3581 1177 3655 idem
1191 3582 1240 3656 est

267 3696 304 3771 iu
323 3697 384 3769 usu
407 3691 637 3769 discriminare
645 3712 850 3792 ,torumque
871 3692 1016 3789 denique
1031 3710 1187 3787 apparet,
1201 3709 1240 3764 ut

266 3803 362 3881 estin
374 3803 638 3899 doausmocra,
651 3804 804 3878 dolium.
816 3802 972 3876 dofilrina
985 3798 1078 3874 euim
1090 3824 1150 3899 per
1167 3799 1239 3874 hacc
