2834 4567
293 330 340 408 aa
492 331 541 402 u.
565 303 783 404 ranauru
809 327 1047 403 vnnuours
1196 360 1201 372 ·
1334 262 1340 276 a

295 514 366 564 nas.
389 486 627 561 Casmenarum
648 487 794 585 priscum
817 488 1048 581 vocabulum,
1071 487 1118 562 ita
1141 507 1256 567 natum

295 614 397 694 atque
417 595 575 693 scriptum
602 598 762 673 esitalibi
784 598 971 674 cnmenae.
989 600 1032 672 ab
1047 600 1163 672 eadem
1183 600 1257 673 ori·

294 704 375 804 gine
396 703 473 777 sunt
492 706 680 783 declinatae.
700 725 739 778 ut
758 705 793 780 in
815 707 948 780 multeis
968 707 1120 796 verbeis,
1135 708 1169 780 in
1186 734 1259 806 quo
1297 771 1303 785 ,

220 845 224 870 ¹
293 816 425 913 antiqui
440 817 596 892 dicebant
612 818 653 906 8,
669 814 783 912 postea
796 814 913 891 dicunt
931 817 981 903 R;
998 836 1035 890 ut
1056 817 1091 889 in
1111 819 1259 891 carmine

24 965 25 974 ι
85 975 89 992 ·
167 1013 173 1036 Ι
292 925 461 1002 saliorum
479 927 554 999 sunt
574 925 847 1014 Ιιεο,Οοῖιιιι1ἱ,
866 926 1010 1015 Dolofi,
1029 926 1105 999 Eso.
1132 928 1260 1003 Omina

297 1062 387 1115 vero
407 1038 564 1134 adpatula
586 1037 754 1111 coemisse.
774 1037 843 1111 lam
867 1035 1028 1123 eufimii,
1043 1037 1172 1127 Muses,
1186 1039 1261 1110 Ru·

298 1153 354 1241 se,
368 1151 514 1248 dumque
525 1153 625 1225 lanus
641 1168 742 1223 venet
752 1176 761 1221 r
771 1145 846 1245 post
862 1147 1004 1237 Melior,
1018 1148 1165 1226 Melior:
1179 1154 1260 1226 Foe·

297 1259 436 1348 desum,
456 1260 655 1333 foederum:
670 1258 836 1347 Plulima‚
852 1255 1021 1334 Plurima:
1035 1257 1162 1347 asena,
1175 1267 1261 1334 Ate·

299 1395 368 1443 na:
386 1369 536 1461 lauicos,
557 1370 699 1445 lanitor.
724 1373 838 1465 Quare
863 1367 1053 1457 Casmena,
1072 1371 1261 1446 Carmena:

301 1478 382 1553 inde
395 1480 554 1579 carmina.
568 1483 599 1553 R
617 1480 729 1576 pellea
739 1478 886 1566 extrito,
900 1480 1048 1553 Camena
1063 1477 1195 1555 sallum.
1207 1481 1262 1553 Ab

298 1589 419 1661 eadem
435 1613 525 1663 voce
537 1589 668 1678 canite,
679 1614 744 1686 pro
759 1613 830 1686 quo
842 1589 877 1659 in
890 1588 1003 1661 Saliari
1016 1587 1162 1662 carmine
1178 1587 1261 1661 scri-

231 1745 238 1757 ·
301 1718 398 1798 ptum
419 1699 466 1771 est
491 1700 623 1788 Caute,
641 1699 709 1772 hoc
735 1696 857 1784 versu,
880 1696 1014 1772 Divum
1034 1715 1111 1768 exta
1139 1714 1262 1781 cante,

300 1809 419 1883 divum
436 1809 517 1881 Deo
537 1809 685 1904 supplice
700 1829 809 1882 cante.
825 1811 861 1881 ln
875 1805 1023 1880 carmine
1037 1804 1166 1879 Priami
1172 1807 1263 1902 apud

302 1923 437 2001 Aetium
446 1922 563 2017 ,quod
579 1921 641 2007 est,
654 1923 794 1992 Veteres
808 1919 973 1992 casmenas
987 1917 1093 1990 cascas
1109 1941 1160 1989 res
1176 1916 1264 1991 volo

303 2027 442 2127 profari.
465 2030 506 2100 Et
533 2030 677 2125 primum
700 2025 843 2102 Cascum
872 2020 1033 2119 significat
1059 2041 1168 2096 vetus
1192 2021 1265 2115 eiua
1356 2053 1360 2057 ·

303 2140 404 2263 origo
422 2131 543 2210 Sabina
552 2161 655 2237 ,quae
670 2134 771 2229 usque
785 2132 935 2207 radices
926 2156 960 2203 ιιι
974 2130 1096 2204 Oscam
1116 2129 1281 2253 lingnam*

303 2250 383 2344 egit.
394 2245 558 2335 Cascum,
580 2261 678 2320 vetus
691 2243 755 2320 elle
770 2239 1094 2344 fignificatEnnius.
1109 2265 1186 2318 cum
1199 2242 1265 2330 ait,
1364 2241 1367 2242 *

305 2359 422 2451 Quam
440 2355 585 2455 primum
600 2354 686 2432 casei
698 2355 819 2453 populi
835 2377 979 2452 genuere
995 2351 1112 2425 latini.
1128 2353 1181 2426 Eo
1197 2374 1265 2424 nra·

305 2469 355 2566 gis
369 2467 528 2544 Manilius
540 2467 635 2567 quod
649 2467 716 2552 ait
730 2464 873 2540 Cascurn
887 2463 1014 2538 duxisse
1026 2463 1176 2552 caleam
1191 2486 1264 2535 non
1387 2475 1395 2490 ‘

304 2578 460 2653 mirabile
483 2578 552 2668 esi,
576 2577 740 2674 quoniam
770 2599 913 2652 canoras
943 2571 1170 2648 conficiebant
1200 2598 1266 2643 nu·

304 2688 401 2783 ptiar.
421 2692 503 2759 ltem
529 2687 676 2761 ostendit
697 2685 829 2784 Papinii
849 2683 1148 2808 epigrammation',
1169 2685 1267 2783 quod

306 2793 342 2873 in
362 2793 608 2869 adolescentem
628 2794 753 2870 fecerat
771 2794 927 2874 casnm:

356 2905 621 3005 Ridicuutmess,
643 2932 713 2976 carm
733 2929 764 2977 te
785 2905 930 2998 Cascam
941 2930 997 2976 tua
1015 2905 1094 2976 dicit
1114 2904 1220 2978 amica

408 3016 508 3110 Casca
524 3013 724 3103 Philotanis,
742 3016 812 3108 ipsa
819 3016 924 3112 senex
937 3040 1079 3107 puerum.
1287 3006 1292 3019 ’

354 3129 427 3202 Dic
447 3149 483 3198 tu
499 3130 590 3198 illam
602 3125 721 3222 pastam
735 3151 748 3198 .·
755 3126 808 3226 fic
820 3128 880 3217 fiet
897 3147 1005 3196 mutua
1023 3126 1114 3199 muli.

366 3233 377 3256 '
405 3239 493 3312 Nam
512 3263 578 3311 vere
593 3237 694 3331 prasus
714 3258 767 3321 ru,
784 3258 839 3308 tua
856 3240 960 3307 amica
968 3235 1114 3334 senexss.

308 3349 393 3422 ltem
419 3344 588 3435 ostendit,
607 3345 702 3442 quod
724 3344 890 3441 oppidum
917 3367 1062 3420 vocatur
1084 3339 1268 3417 Casinum.

310 3455 392 3529 Hoc
409 3453 500 3526 enim
522 3453 707 3529 aSabineis
729 3454 797 3526 orti
817 3452 980 3529 Samnites
1003 3467 1207 3540 tenuerunt,
1230 3451 1268 3526 δι

307 3586 403 3638 nunc
422 3562 548 3652 nostri3
565 3562 656 3638 unde
676 3565 714 3637 δι
735 3562 907 3636 Caffinum
926 3561 1038 3636 sorum
1057 3577 1165 3631 vetus.
1186 3562 1268 3631 item
1336 3578 1340 3586 ⁴

306 3670 495 3774 significant
505 3673 541 3746 in
552 3669 732 3747 Atellaneis
743 3673 873 3769 aliquot
884 3696 1012 3770 pupum
1028 3667 1159 3757 senem,
1172 3666 1268 3765 quod

310 3784 394 3866 Osci
412 3779 537 3868 Casnar
555 3781 737 3889 appellant.
749 3784 858 3886 ‘Apud
878 3781 1066 3872 Lucilium,
1084 3778 1181 3879 Quid
1205 3776 1287 3871 tibi,
