2834 4567
263 277 477 394 Μ’,
602 308 894 386 norm

305 473 371 534 Non
387 489 494 553 ponus
510 469 626 553 instans,
647 493 700 532 non
720 485 808 529 erutor
824 487 960 550 gannires.

266 565 307 625 ita
324 584 424 624 acerris
439 561 540 623 saslum
559 585 677 638 centres,
690 562 766 644 quod
780 579 892 622 veteres
905 559 1032 620 dicebant
1042 581 1090 643 per
1100 559 1119 619 s
1125 562 1234 641 cemses.

267 645 304 707 Et
321 647 377 706 hoc
395 643 452 717 est,
475 644 550 724 quod
567 645 610 704 hic
628 646 747 726 disputat
768 642 870 704 Varro.
892 643 998 702 Diuius
1017 642 1048 702 δι
1069 644 1234 717 Divianus,

304 729 314 785 i
331 723 425 808 possea
441 724 534 799 janus.
547 742 576 785 ut
599 724 686 786 Diria
709 727 740 786 8(
759 723 901 796 Dimum,
914 742 975 803 quae
991 721 1085 806 postea
1106 722 1175 797 Jana
1191 724 1232 796 ,δε

264 747 379 879 qUulture,
398 807 509 868 auilore
528 807 612 867 etiam
630 807 729 867 eodem
747 806 887 867 Varrone.
909 806 1030 884 Cufiones
1053 805 1111 863 sunt
1127 804 1234 866 Curio-

265 905 333 962 nes,
351 907 415 947 nem
437 908 454 948 e
471 888 509 962 ii,
526 888 572 969 qui
594 888 705 947 curialia
726 887 801 946 sacra
823 885 971 946 faciebant.
999 886 1042 945 liic
1062 906 1130 946 vero
1146 887 1234 979 etiam

184 1009 187 1020 '
265 988 410 1130 {llll
424 988 474 1130 pi,
487 964 1233 1130 lillilfllnli.s²s·1lg²lt.lss‘lnlllr

243 1187 247 1194 ,
268 1133 308 1190 ad
316 1130 411 1211 patula
424 1130 576 1210 commff.
593 1129 660 1193 lani
673 1151 705 1189 cu
714 1152 787 1188 rones
796 1130 915 1189 Daunus
924 1150 997 1190 cerus
1009 1131 1119 1208 dumque
1134 1129 1235 1208 Ianus-

166 1243 170 1252 =
216 1217 219 1228 '
268 1233 318 1292 que
332 1228 415 1273 venet.
428 1211 535 1271 suerum
549 1214 624 1271 enirn
638 1232 687 1271 ver
701 1232 733 1270 us
749 1210 888 1283 Saturni,
903 1230 974 1291 quos
990 1211 1094 1270 luxatos
1114 1210 1168 1270 stris
1182 1230 1237 1270 nu.

269 1295 351 1354 meris
363 1291 477 1364 Varro,
493 1307 523 1349 ut
534 1289 618 1364 solet,
635 1292 757 1352 adduxit.
774 1291 859 1352 Iunia
874 1308 930 1351 tem
951 1290 1006 1350 lum
1022 1290 1083 1364 Jani
1099 1287 1235 1368 Quirini,

269 1390 299 1432 ut
313 1373 491 1445 Minervium,
509 1373 642 1433 Dianium
658 1374 688 1433 &
702 1372 815 1446 similia;
831 1372 906 1453 quod
931 1393 1023 1452 emper
1038 1372 1165 1452 parebat,
1181 1371 1235 1432 nifi

270 1473 336 1513 cunr
359 1474 413 1534 pax
431 1451 498 1515 esset
520 1475 558 1535 po
578 1500 585 1515 .
607 1453 692 1516 Rom.
711 1470 782 1514 terra
803 1455 926 1535 marique
947 1470 1031 1534 parta.
1049 1456 1235 1533 Cufionespro

269 1537 396 1595 curiones·
412 1534 473 1596 sunt
491 1477 602 1597 minin
625 1533 831 1597 sacrificiorum.
852 1536 969 1594 Daunus
991 1555 1062 1593 cerus
1088 1532 1126 1594 est
1144 1533 1236 1595 bonus

270 1634 405 1688 creator,
430 1634 461 1675 ut
487 1616 515 1676 in
538 1618 638 1679 eodem
664 1618 785 1678 carmine
807 1615 899 1677 Saliari
929 1614 1014 1690 Janus
1041 1615 1236 1698 indigitabatur

272 1700 353 1760 &ner
367 1719 478 1771 manus,
491 1698 522 1758 id
539 1697 595 1772 est,
606 1716 712 1759 creator
727 1700 834 1768 bonus,
851 1697 961 1758 auslore
977 1696 1132 1756 Macrobio.
1153 1700 1237 1758 Vener

270 1799 325 1862 pro
337 1780 429 1854 venie,
445 1796 475 1840 ut
494 1781 522 1838 in
538 1779 668 1840 columna
685 1777 800 1854 Duillii,
823 1776 1236 1860 Pugnandodcoeper.P01²Mu.

311 1871 359 1931 lin.
386 1891 429 1931 12.
456 1871 562 1931 Divum
577 1889 640 1931 exta
660 1879 770 1952 canto]
790 1868 932 1932 Obscurus
956 1872 1050 1932 locus:
1069 1886 1161 1930 tamen
1182 1869 1236 1930 Di·

271 1972 342 2012 vum
358 1951 475 2024 Deum,
492 1971 561 2033 puro
578 1951 688 2033 intelligi
714 1951 832 2026 Janum‚
849 1971 877 2012 ut
893 1951 1059 2029 conjicimus
1078 1973 1116 2011 ex·
1125 1951 1236 2013 Macro-

271 2032 340 2095 bio:
354 2033 402 2115 qui
417 2052 481 2092 eum
497 2035 525 2092 in
538 2030 631 2092 Saliari
648 2035 768 2091 carmine
781 2034 818 2092 ita
836 2037 932 2093 vocari
950 2032 1050 2093 scribit.
1067 2031 1139 2094 Puro
1152 2035 1235 2093 etiam

273 2134 337 2174 eum
356 2133 405 2195 per
420 2111 524 2174 Cerurn
542 2134 675 2185 manum,
690 2111 792 2186 idest,
808 2133 1011 2195 procreatorem
1031 2113 1136 2174 bonum
1156 2114 1237 2174 intel·

272 2194 328 2288 ligi.
357 2194 479 2274 Supplice
503 2213 597 2255 autem
616 2214 668 2277 pro
686 2194 849 2278 suppliciter.
869 2193 917 2257 De
941 2194 1076 2273 ejusmodi
1098 2195 1237 2256 adverbiis

182 2325 187 2344 ,
272 2275 340 2335 nde
361 2272 494 2335 Nonium.
517 2275 648 2338 Senum.

314 2366 359 2427 lin.
387 2387 433 2441 14.
455 2371 556 2429 Veteres
576 2368 717 2450 Casmenas
743 2367 832 2448 cascar
858 2388 898 2427 res
916 2367 979 2427 volo
994 2366 1108 2449 profari.
1126 2367 1166 2427 Et
1180 2368 1237 2448 pri.

275 2449 501 2534 mrem.]yProfari
513 2450 591 2523 volo,
605 2449 725 2532 quidam.
745 2453 934 2511 AUGUSTIN.
953 2447 993 2508 lta
1012 2449 1140 2531 dispone:

321 2534 440 2605 Veteres,
457 2552 473 2591 o
491 2534 625 2606 Camenoe,
641 2532 731 2613 cascar
747 2551 787 2589 res
800 2527 861 2591 volo
876 2528 1007 2610 prosdrier

316 2612 356 2670 Et
373 2612 517 2674 Priamum.
543 2645 578 2659 -

277 2689 310 2753 0
327 2690 479 2765 Camenae,
495 2692 564 2754 volo
581 2690 714 2773 profarier
736 2690 890 2754 veteres&
911 2688 1013 2752 cascar
1029 2710 1092 2764 res,
1108 2690 1237 2751 nimirum

276 2771 427 2832 Priamum.
450 2772 525 2833 Nam
552 2794 609 2834 non
633 2774 667 2833 de
691 2771 890 2835 Casmenarum
917 2771 1096 2855 appellatione
1121 2772 1238 2854 amplius

276 2853 353 2935 agit,
370 2849 417 2913 sed
432 2851 467 2913 de
481 2852 581 2916 Casto.
597 2851 731 2920 Sulmo.
959 2885 965 2896 =
1198 2886 1200 2890 ·

318 2947 364 3009 lin.
385 2946 431 3009 18.
450 2935 539 3029 Quam
558 2948 669 3025 primum
692 2947 761 3028 casei
777 2949 870 3029 populi
903 2965 990 3009 enuere
1006 2947 1133 3030 Latini]
1153 2947 1237 3010 Hunc

279 3028 391 3090 versum
407 3027 489 3090 Ennii
507 3029 628 3113 iutelligit
650 3027 753 3092 Cicero
772 3032 861 3110 prima
880 2969 1044 3092 iusculana.
1062 3029 1166 3092 cascos
1184 3051 1238 3090 au·

278 3124 337 3170 tem
360 3108 473 3172 Latinos
490 3113 545 3173 inte
579 3128 651 3173 retur
675 3131 741 3187 eoa,
783 3113 809 3170 ui
832 3130 896 3172 ante
914 3109 1036 3172 Romam
1050 3113 1188 3173 conditam
1210 3114 1239 3171 in

277 3190 401 3252 colonias
416 3191 525 3256 dedusli
546 3132 605 3255 sint
622 3214 637 3252 a
655 3132 863 3254 Latino‘lilvio
879 3191 1051 3253 Albanorum
1067 3214 1140 3275 rege.
1162 3190 1238 3269 Quae

277 3293 296 3332 a
316 3269 451 3332 Romanis
481 3273 575 3355 postea
603 3273 697 3336 Ptiscae
727 3273 806 3334 dielae
830 3274 898 3334 sunt.
924 3272 1062 3334 Auuores
1084 3272 1178 3334 Livius
1206 3274 1238 3335 &

278 3349 383 3496 gellus.
399 3350 432 3412 ln
447 3353 591 3437 Dionysio
613 3356 731 3436 legitur,
750 3353 863 3417 norim
879 3354 903 3415 ei
923 3354 1088 3435 masuam
1111 3353 1238 3438 upum.

254 3473 261 3488 ι
301 3449 412 3497 caue.

320 3525 367 3587 lin.
386 3545 433 3608 19.
452 3524 621 3609 munietur]
641 3528 734 3611 Marg.
746 3525 844 3610 Scalig.
863 3527 999 3592 Manlius.

323 3618 384 3681 eud.
403 3618 509 3700 Castum
527 3621 629 3702 draeiffe
650 3622 772 3702 crescam,
792 3620 872 3702 &c.]

327 3701 435 3780 Cascam
450 3700 549 3782 cescum
567 3701 669 3781 duxiffe
688 3725 742 3763 non
762 3704 876 3764 mir‘abile
892 3702 936 3786 ss:

325 3781 461 3862 Quoniam
480 3804 590 3844 canoras
607 3785 743 3865 sancibat
756 3785 875 3865 nuptias.
