2834 4567
405 338 904 468 FRAGMENTA
996 388 1141 476 ·3„

127 598 136 617 ⁴
175 520 316 599 'demicis
335 524 438 602 novis
463 526 653 603 adhibitum
675 531 741 607 est:
767 533 879 633 rursus
905 533 1043 611 dimidia
1067 567 1144 637 pars

19 666 20 671 ¹
140 740 149 763 Ι
174 658 347 731 remanet,
369 640 496 733 idest,
521 628 651 742 viginii
672 663 836 743 quatuor,

233 749 292 822 De
306 749 422 827 sociali
442 774 582 852 quoque
604 753 673 830 vita
694 757 791 853 quod
808 757 1007 851 accederat,
1025 759 1144 834 fimili-
1178 808 1181 813 <
1258 788 1262 795 ·

173 876 228 935 ter
242 862 433 958 auferatur,
452 866 689 957 &duodecim
706 866 784 943 sunt
804 870 966 971 relique,
983 898 1068 972 quas
1083 874 1145 971 issa
1281 951 1285 959 ,

172 970 381 1066 differentia,
394 993 433 1050 ut
452 975 576 1077 viginti
601 997 751 1077 quatuor
774 977 918 1083 fierent,
941 981 1145 1080 duplicave⁶

172 1098 236 1155 rat.
263 1084 321 1157 De
341 1084 393 1159 his
419 1109 503 1185 ergo
525 1087 708 1164 duodecim
732 1088 821 1164 nihil
841 1089 910 1166 dici
931 1091 1061 1188 potest,
1080 1118 1143 1169 cur

173 1190 268 1267 seua
290 1219 362 1267 non
385 1196 449 1270 fiot
468 1198 652 1292 habendae,
665 1200 752 1275 nihil
774 1201 901 1303 quippe
921 1202 1017 1278 aliud
1038 1203 1075 1279 in
1093 1203 1143 1280 eiu

171 1303 357 1399 quaeritut,
378 1333 480 1406 quam
508 1308 585 1386 finis
610 1312 785 1388 bonorum
805 1315 845 1390 dc
869 1314 1060 1390 malorumt
1084 1314 1142 1389 in·

141 1424 144 1429 '
171 1415 286 1489 ventis
299 1435 410 1492 autem
432 1421 607 1496 bonorum
624 1419 772 1511 finibus,
790 1423 948 1519 profecto
964 1450 984 1498 e
1001 1445 1143 1502 contra·
1225 1482 1232 1495 .

169 1520 225 1595 cio
238 1522 314 1598 sunt
327 1528 506 1604 malorum.
520 1533 583 1603 Hae
598 1548 709 1604 autem
732 1548 770 1605 ut
783 1529 866 1604 fiant
890 1522 1072 1609 duodecim
1088 1534 1142 1633 sef-=

169 1632 255 1720 uae,
279 1634 338 1707 illa
359 1652 510 1734 quatuor'
534 1638 774 1735 triplicatum,
794 1640 984 1736 Voluptas,
1006 1644 1141 1739 Quies,

169 1744 387 1840 Utrumque,
400 1744 440 1821 dc
452 1746 563 1845 prima
578 1748 737 1840 Nature,
751 1773 828 1847 quae
840 1747 1041 1847 primigenia
1053 1755 1142 1824 Var-

169 1882 213 1934 ro
228 1879 345 1935 vocat.
361 1862 444 1935 Haec
457 1858 586 1958 quippe
600 1878 750 1957 quatuor
768 1858 849 1934 dum
864 1857 1053 1960 fingulatim
1069 1860 1141 1934 vir·
1264 1890 1269 1903 ¹
1370 1946 1373 1953 ,

168 1972 236 2046 tuti
257 1972 442 2071 aliquando
459 1968 668 2060 subduntur,
681 1992 721 2045 ut
739 1994 815 2043 non
832 1987 975 2071 propter
994 1969 1027 2044 se
1046 1968 1141 2066 ipsa,

111 2092 115 2105 '
159 2081 227 2158 'se'd
253 2101 394 2181 propter
425 2079 577 2158 officium
607 2072 744 2155 uirtutis
776 2081 965 2181 appetenda
993 2080 1142 2160 videam

169 2213 242 2282 tur,
257 2192 440 2293 aliquando
452 2191 699 2291 preferuntur,
711 2207 749 2265 ut
761 2215 835 2266 non
848 2214 991 2290 propter
1003 2192 1036 2265 se
1049 2190 1141 2291 ipsa,

166 2305 226 2381 sed
243 2324 385 2405 propter
397 2306 471 2381 haec
493 2301 707 2402 adipiscenda
731 2303 790 2379 vel
805 2303 1140 2397 conservanda,ne·

167 2415 305 2491 ceffaria
331 2417 441 2492 virtus
465 2432 624 2514 putetur:
646 2414 832 2513 aliquando
860 2412 1073 2514 iunguntur,
1100 2435 1140 2491 ut

169 2542 313 2622 propter
330 2524 363 2599 se
389 2523 518 2623 ipsa&
542 2522 671 2618 virtus,
695 2526 736 2601 δι
758 2512 818 2599 ista
844 2526 1034 2622 appetenda
1063 2550 1139 2600 cre·

167 2638 312 2713 dantur:
324 2634 575 2736 quaternatium
595 2659 797 2725 numerum,
811 2632 951 2733 triplum
972 2634 1139 2729 reddunt,
1155 2668 1158 2674 ¹

69 2804 72 2811 -
165 2746 207 2824 dc
229 2745 272 2820 ad
293 2744 475 2821 duodecim
496 2746 597 2833 sedas
625 2745 844 2843 perveniunt.
869 2770 914 2819 ex
933 2744 1000 2821 illis
1022 2768 1138 2823 autem

168 2864 320 2954 quatuor
339 2857 440 2932 rebus
461 2860 576 2931 Varro
600 2873 669 2932 tres
694 2856 806 2949 tollit,
828 2846 1046 2955 voluptatem
1070 2856 1138 2933 sci·

47 3024 53 3035 .
165 2964 270 3054 licet,
286 2967 504 3066 &quietem
524 2969 562 3041 &
579 2983 785 3064 utrumque:
805 2989 879 3039 non
892 2968 988 3065 quod
1004 2991 1060 3041 eas
1071 2966 1137 3040 im·

166 3076 316 3173 probet,
340 3076 396 3151 sed
411 3076 507 3176 quod
526 3074 728 3179 primigenia
748 3075 954 3167 iilamatutae
975 3078 1016 3149 dc
1032 3075 1136 3149 volu·

164 3204 295 3284 ptatem
322 3185 412 3261 inter
436 3189 472 3262 se
491 3189 656 3280 habeant,
681 3189 721 3265 dc
746 3187 907 3285 quietem.
931 3183 1028 3279 Quid
1050 3209 1136 3283 ergo
1213 3188 1216 3194 ’

166 3319 257 3392 opus
276 3297 343 3390 est,
362 3323 404 3374 ex
425 3299 478 3373 his
496 3299 625 3375 duabus
650 3298 714 3372 tria
733 3298 890 3395 quaedam
908 3294 1043 3388 facete,
1062 3296 1135 3371 duo
1278 3338 1282 3343 ·

165 3409 296 3486 scilicet
323 3436 402 3486 cum
426 3411 617 3510 fingulatim
638 3428 865 3508 appetuntur,
889 3409 1053 3506 voluptas
1076 3429 1135 3484 aut
1175 3422 1192 3477 t

8 3598 11 3601 .
163 3520 283 3618 quies,
297 3520 483 3595 &tertiam
506 3544 583 3593 cum
598 3521 707 3593 ambae
726 3517 843 3591 fimui:
855 3517 1134 3615 quandoquidem

163 3629 275 3729 prima
284 3650 434 3715 natutae,
454 3632 495 3703 dc
513 3628 676 3724 ipsus&
689 3649 812 3725 proter
830 3628 934 3723 ipsas,
952 3628 1013 3701 alia
1031 3629 1135 3702 multa

166 3741 376 3821 contineant.
402 3742 460 3815 De
483 3740 591 3813 tribus
612 3763 697 3839 ergo
715 3738 877 3826 seuis,ei
902 3739 1036 3834 piacet,
1055 3737 1134 3810 diii·

118 3884 122 3889 .
163 3850 361 3946 genter-effe
369 3849 574 3933 tradendum
580 3870 757 3949 ,quaenam
775 3848 816 3922 fit
833 3848 951 3948 potius
969 3844 1134 3946 eligenda.
