2834 4567
368 355 903 460 rennuenrn·
1052 328 1198 484 πή]

150 534 240 611 bulis
260 532 401 625 dicitur,
414 534 483 608 hoc
494 530 684 634 ¹fignificat,
702 557 805 630 penes
820 534 1027 622 Saturnum,
1048 559 1123 608 non

152 671 256 745 penes
271 645 425 735 Caelum,
443 643 554 718 semen
574 643 640 720 effe
659 643 831 720 divinum.
846 643 917 718 hoe
931 663 1125 741 propterea,

151 776 318 855 quantum
333 753 480 853 intelligi
500 753 621 842 datur,
639 751 721 862 quia
741 752 828 854 nihil
845 752 883 828 in
896 752 998 827 Caelo
1019 752 1061 828 de
1075 753 1125 829 se·

154 867 303 962 minibus
326 865 484 948 nascitur.
508 871 642 940 Ibidem.
903 882 908 890 “

157 991 160 1002 t
197 978 315 1066 Κρόνον
339 974 544 1071 appeliatum
568 976 653 1052 dicit
661 1012 674 1065 ‚
688 974 783 1078 quod
804 975 932 1050 Graeco
950 976 1128 1053 vocabulo

59 1108 64 1116 ·
153 1081 322 1180 fignificat
346 1085 507 1181 temporis
535 1084 704 1184 spatium,
727 1085 797 1162 stne
823 1109 894 1190 quo
916 1085 1028 1160 semen
1054 1111 1130 1162 non

153 1189 267 1289 potest
286 1189 351 1264 effe
367 1189 581 1274 foecundum.
602 1197 733 1269 Ibidem.

190 1301 288 1402 ,Ideo
311 1302 473 1380 Saturnus
495 1319 590 1398 pater
610 1304 734 1384 aJove
757 1299 831 1377 titio
856 1299 905 1378 est
926 1302 1127 1402 superatus,

136 1401 253 1505 ‘quod
273 1428 351 1486 ante
368 1411 418 1484 est
431 1410 546 1500 causa,
560 1437 638 1509 quae
649 1411 795 1508 pertinet
814 1412 857 1488 ad
869 1413 1012 1503 Jovem,
1027 1441 1130 1516 quam

156 1516 296 1610 semen,
317 1521 413 1617 quod
435 1521 584 1617 pertinet
601 1521 642 1592 ad
659 1523 849 1600 Saturnum.
868 1551 937 1616 cap.
961 1528 1011 1599 18.
1180 1589 1186 1600 .

207 1630 359 1704 Genium
382 1631 447 1706 effe
466 1627 896 1726 uniuscujusqueanimum
910 1633 1132 1712 rationalem
1166 1684 1175 1700 κ
1240 1655 1244 1660 ’
1285 1709 1298 1728 ,

155 1740 199 1814 &
216 1738 296 1811 ideo
309 1738 373 1812 effe
384 1738 534 1835 ungulos
548 1737 757 1835 singulorum
767 1764 777 1812 r
789 1738 890 1814 talem
906 1760 1018 1816 aurem
1032 1770 1133 1819 urun-

158 1849 196 1922 di
219 1847 366 1922 animam
399 1849 515 1934 Deum
538 1847 614 1924 effe.
635 1877 703 1942 cap.
726 1875 774 1948 ¹3·

211 1962 343 2076 Gpnius
364 1964 460 2036 Deus
474 1961 541 2053 est,
557 1960 615 2059 qui
629 1947 838 2058 praepositus'
851 1959 918 2055 est,
935 1986 976 2039 ac
987 1961 1060 2039 vim
1073 1963 1135 2040 ha·

161 2071 221 2146 bet
247 2071 537 2147 omniumremm
559 2072 792 2171 gerendarum.
811 2077 943 2148 Ibidem.

213 2185 252 2278 1η
266 2182 371 2276 ltaliae
390 2179 551 2278 compitis
572 2180 727 2278 quaedam
743 2178 826 2254 dicit
841 2180 929 2256 sacra
948 2180 1061 2258 Liberi
1076 2208 1136 2260 ce·

163 2291 293 2368 lebrata
318 2317 397 2366 cum
420 2314 513 2364 tama
532 2289 668 2364 licentia
683 2289 922 2385 turpitudinis,
946 2313 984 2366 ur
1005 2291 1040 2365 in
1063 2292 1136 2389 eiua

164 2401 335 2486 honorem
363 2400 523 2498 pudenda
553 2399 668 2474 virilia
690 2400 910 2480 colerenturz
928 2425 1000 2475 non
1023 2401 1138 2476 saltem

61 2560 65 2569 ·
166 2510 378 2610 aliquantum
396 2509 645 2585 verecundiore
662 2510 810 2600 secreto,
825 2510 929 2590 sedin
949 2511 1137 2608 propatulo

167 2619 354 2724 exsultante
373 2619 536 2717 nequitia.
560 2646 638 2696 nam
656 2621 726 2694 hoc
740 2643 838 2718 turpe
858 2621 1065 2709 membrum,
1078 2645 1139 2718 per

168 2731 282 2828 ⁸Liberi
306 2731 377 2836 dier
406 2729 533 2814 festos,
556 2755 633 2804 cum
661 2729 797 2812 honore
827 2753 952 2829 magno
978 2727 1140 2825 plostellis

172 2843 366 2939 impositum
378 2840 498 2937 ‚prius
516 2865 574 2936 per
586 2866 665 2918 rura
679 2841 721 2920 'in
734 2841 916 2940 compitis,
933 2844 972 2916 δι
984 2841 1142 2938 usquein

172 2953 291 3027 urbem
312 2952 426 3050 postea
452 2952 660 3032 retrahatur.
673 2959 720 3026 ‘ln
745 2953 879 3049 oppido
904 2973 1013 3026 autem
1035 2950 1143 3038 Lavi·

173 3061 236 3150 nip
265 3089 353 3152 unus
377 3063 503 3146 Libero
529 3082 624 3136 totus
644 3061 764 3138 mentis
789 3060 1024 3147 tribuebatur3
1045 3059 1145 3152 cuiue

173 3172 294 3248 diebus
309 3173 424 3250 verbis
445 3197 565 3248 omnes
585 3173 846 3273 flagitiofiffimis
860 3174 1063 3262 utebantur,
1076 3173 1145 3245 do·
1288 3227 1290 3230 -

175 3306 238 3356 nec
257 3281 341 3357 illud
361 3283 549 3364 membrum
573 3308 633 3380 per
653 3281 768 3356 forum
788 3281 1018 3371 transvebbrnr
1040 3279 1146 3374 effer,

174 3414 277 3492 atque
303 3391 340 3465 in
363 3393 447 3467 loco
477 3394 540 3467 suo
559 3394 766 3491 quiesceret:
780 3392 837 3484 cui
858 3392 1014 3466 membro
1027 3390 1146 3487 inho·

175 3502 271 3576 nesto
295 3522 436 3586 matrem
459 3501 602 3579 familias
622 3500 880 3580 nonestiffimam
907 3502 1018 3602 palam
1041 3525 1148 3577 coro·

177 3637 256 3689 narn
276 3614 404 3704 neceffe
420 3634 492 3690 erar
515 3615 704 3710 imponere.
725 3639 795 3708 cap.
816 3639 867 3688 21.
907 3615 911 3622 '
1035 3647 1039 3652 ·

225 3726 404 3821 Quoniam
431 3724 469 3810 in
498 3726 622 3824 primu
640 3726 732 3803 libro
756 3724 841 3821 dinir
864 3721 908 3801 de
932 3720 1021 3799 locis
1034 3774 1048 3819 ‚
1073 3719 1147 3796 duo

253 3842 308 3915 M.
332 3839 374 3916 Τ.
399 3840 518 3918 Varro.
953 3832 980 3908 P
