2834 4567
398 292 937 366 1uutunuu1v.
1093 310 1150 393 ις,

167 477 261 519 morem
279 453 329 538 jus
342 453 500 536 pontijicale
515 451 659 532 confirmat.
685 452 761 511 Nom
771 450 923 532 priusquam
945 449 975 512 in
991 473 1022 511 os
1042 452 1137 533 injello

137 536 143 552 '
163 539 243 620 glebo
262 559 316 599 non
341 537 392 618 efl,
409 536 483 596 locus
499 535 564 607 ille,
583 535 627 593 ubi
643 551 782 595 crematum
796 535 831 613 est
847 554 954 615 corpus,
972 533 1043 594 nilu'l
1061 537 1139 596 labet

166 619 319 700 religionis:
337 617 433 698 injetio
440 616 517 700 gleba
527 662 536 690 ,
547 635 601 675 rum
611 613 639 673 (r
649 614 695 674 ille
707 615 831 675 laruatus
843 613 1139 696 eJl2b.sepulcmntuo.

169 718 259 774 catur,
268 722 300 759 ac
309 717 362 758 mm
372 698 482 780 denique
498 699 581 756 multo
597 696 717 776 religiosa
736 693 800 776 jura
814 696 995 779 compkliitur.
1006 696 1139 760 ΡΟΡΜΛ.

222 778 305 861 limss
334 781 372 861 sq.
393 781 489 856 Aurfi
507 801 537 841 os
554 795 687 858 exceptum
714 778 748 858 ιβ
766 776 861 838 mortui
882 779 921 836 ml
938 776 1074 859 furnillam
1091 802 1138 839 ex·

165 857 1139 1023 limil*illl*‘Sicllilnlllfficssziliiii?

225 989 233 1006 ·
420 986 430 1015 t
534 986 545 1017 r
989 988 999 1018 ι
1125 976 1136 992 '

170 1028 244 1108 girus
261 1026 322 1100 ejus
341 1023 530 1085 decidehamr:
546 1021 581 1082 ad
594 1022 671 1104 quod
695 1021 834 1082 servatum
853 1020 924 1097 justa
939 1021 1053 1097 fierent,
1073 1026 1135 1099 reli

167 1127 226 1190 quo
242 1103 397 1167 combusto.
415 1104 444 1164 id
460 1123 555 1181 autern
569 1104 603 1164 ad
620 1104 792 1188 purgandam
809 1102 942 1166 familiam
962 1122 1039 1167 certo
1054 1125 1138 1189 gene·

169 1209 200 1250 re
218 1185 327 1260 februi,
342 1187 418 1266 quod
435 1186 575 1247 vocabant
592 1183 748 1255 Euverrias.
766 1185 903 1248 ScALIG.
1181 1237 1188 1247 .

210 1269 256 1328 lin.
278 1289 323 1331 10.
342 1272 384 1331 Ut
396 1268 538 1351 pontifices
558 1267 669 1341 dicunt,
686 1267 776 1348 quoad
796 1267 948 1329 inhumatus
956 1270 1028 1349 fin]
1060 1266 1137 1329 Nam

170 1352 301 1433 quamvis
318 1371 350 1412 os
366 1350 455 1411 humo
470 1366 597 1432 opertum
612 1346 693 1422 effer,
711 1366 819 1422 tamen,
837 1366 986 1430 antequam
1001 1347 1071 1426 justa
1087 1348 1137 1410 lie·

169 1447 249 1503 rent,
271 1453 396 1493 mortuus
415 1432 477 1507 ille,
494 1431 697 1512 quamvisjam
713 1430 802 1489 multo
818 1447 881 1495 ante
898 1428 1076 1506 combustus,
1096 1436 1139 1515 ip,

170 1514 300 1575 humatus
328 1513 435 1574 dicitur.
461 1510 609 1592 Propterea
635 1510 740 1583 addidit
765 1511 1038 1590 interpretamentum
1065 1512 1139 1587 Ver·

173 1616 207 1655 ro
223 1616 258 1654 ex
274 1593 421 1674 pontificiis
437 1592 529 1663 libris,
544 1609 575 1653 ut
591 1590 668 1671 quod
683 1607 811 1670 opertum
829 1592 917 1651 humo
937 1593 1012 1671 prius
1027 1615 1062 1653 err
1074 1596 1138 1655 vul·

173 1678 201 1758 gi
224 1676 356 1756 opinione
379 1687 551 1745 vocaverat,
572 1670 600 1730 id
618 1669 680 1750 post
696 1693 732 1731 ex
753 1673 813 1746 jure
830 1669 991 1752 pontificio,
1005 1675 1140 1734 inhuma-

174 1776 234 1818 tum
259 1772 363 1827 vocet,
384 1752 451 1835 quia
476 1750 548 1827 justa
574 1751 664 1812 adhuc
688 1750 761 1817 falia
781 1772 838 1813 non
864 1767 950 1814 erant.
970 1751 1035 1813 Hoc
1053 1753 1141 1829 dieo,

172 1839 236 1919 quia
253 1834 399 1897 dottiffimi
417 1826 555 1909 hominis,
571 1836 618 1914 qui
631 1832 861 1895 hancleffionem
876 1834 1023 1896 immutare
1034 1835 1139 1908 voluit,

172 1918 332 1979 sententiam
354 1928 410 1977 non
434 1914 541 1997 sequor.
564 1913 652 1975 Porro
672 1936 708 1976 ex
721 1913 908 1995 manuscripto
931 1915 1027 1977 codice
1045 1916 1140 1998 legon-

174 2000 258 2143 dumsz
274 1999 368 2060 Donec
384 1999 412 2057 io
419 1999 560 2081 purgando
576 1998 655 2059 humo
669 1998 835 2080 esloperrunr.
844 2015 875 2059 ut
884 1997 1141 2113 intellisgasosmor-
1251 2006 1255 2015 ’

175 2098 221 2142 tur.
258 2095 369 2143 cumo.
396 2138 401 2151 ,

214 2163 259 2224 lin.
281 2182 313 2222 ιι
335 2162 395 2243 sqq.
409 2160 520 2241 Fumfla
528 2161 649 2222 maner&
665 2160 762 2222 dicitur
769 2159 898 2223 munitior.
911 2160 978 2240 Quo
988 2165 1026 2222 ad
1035 2162 1140 2221 humum
1158 2220 1161 2229 ,

170 2244 253 2325 frent,
270 2263 318 2304 out
331 2267 349 2303 a
365 2266 392 2302 re
400 2287 411 2314 ,
423 2263 453 2303 ut
468 2242 619 2317 Salium&
634 2244 747 2303 Lucani.
759 2251 776 2324 ]
790 2242 894 2324 Magna
912 2241 951 2302 est
966 2241 1092 2304 confusio
1106 2244 1139 2306 &

176 2325 352 2386 conturbatio
367 2344 460 2385 rerum
473 2323 505 2385 &
524 2323 694 2393 verborum,
714 2344 774 2384 non
793 2322 842 2385 suo
856 2323 1051 2384 collocatorum
1065 2326 1140 2389 ioco.

175 2404 318 2489 Georgius
330 2407 505 2478 Bucananus,
518 2421 601 2486 poeta
613 2403 784 2487 graviffimus
795 2406 825 2467 δι
834 2404 1055 2486 elegantiffimus‚
1068 2405 1140 2469 vidit

171 2489 300 2568 primus,
317 2489 390 2549 unde
408 2486 458 2547 ista
471 2485 559 2561 ellent
569 2486 695 2547 distratta
708 2504 789 2568 atque
807 2486 931 2557 divulsa,
942 2506 976 2547 ac
986 2508 1031 2547 rue
1045 2486 1140 2547 docuit

177 2589 243 2629 cum
258 2570 333 2642 aliis,
343 2590 377 2631 ea
391 2567 429 2628 lic
443 2567 637 2649 conjungenda
652 2568 723 2630 elie:
740 2570 780 2628 Er
793 2568 891 2629 dicitur
902 2567 1026 2637 humilior
1040 2567 1140 2650 lenis·

173 2653 242 2730 fior:
258 2650 382 2729 infirnus,
398 2649 577 2709 humillimus:
587 2652 660 2730 quod
670 2650 699 2708 in
714 2653 811 2709 muodo
822 2648 916 2729 infima
933 2651 1036 2711 liumus.
1051 2648 1139 2713 TUR-

112 2796 117 2809 ,
178 2746 252 2793 ΝΕΒ,
266 2731 334 2793 Νοιι
349 2748 454 2795 tantum
471 2730 553 2791 doleo
563 2732 657 2792 vicem
672 2732 754 2808 hujus
763 2732 833 2803 loci,
847 2751 1013 2814 quamquam
1026 2728 1141 2811 pe'ffime

178 2811 219 2872 est
228 2829 368 2894 acceptus:
399 2828 513 2872 uantum
526 2812 662 2888 admiror,
672 2834 730 2874 non
742 2811 796 2875 effe
805 2813 1027 2875 animadversum
1041 2814 1078 2872 ab
1092 2815 1140 2892 iis,

180 2894 229 2974 qui
247 2895 320 2955 hunc
338 2834 478 2956 augonem
496 2896 668 2976 purgandum
686 2893 872 2976 susceperunt:
889 2912 922 2963 ,ιιι
938 2895 1000 2955 satis
1015 2893 1139 2968 constet,

179 2972 231 3034 infi
251 2976 320 3036 niter
330 2973 384 3037 elie
393 2976 587 3055 depravatum.
595 2975 631 3038 Et
641 2975 698 3038 stne
709 2996 812 3059 magno
821 2979 934 3059 negotio
944 2976 1043 3036 vulnus
1052 2977 1141 3055 aperi.
1152 3014 1156 3023 »

178 2994 342 3130 mimam
355 3058 436 3118 etiam
446 3057 534 3117 curari
549 3060 656 3140 poterit.
667 3057 725 3119 Dis
742 3059 837 3119 utabnt
846 3060 919 3118 enim
932 3057 1026 3118 Varro
1038 3056 1074 3116 de
1086 3056 1141 3119 hoc

179 3140 292 3199 nomine
303 3139 431 3213 Hunos,
442 3137 474 3199 ὃ(
488 3139 715 3205 abeoderivatis.
776 3138 919 3219 disputatio
931 3158 988 3197 non
998 3139 1142 3198 continua·

179 3238 209 3279 ιι
225 3218 281 3293 est,
294 3218 341 3281 sed
358 3236 473 3301 propter
488 3221 653 3303 pagellarum
669 3219 906 3302 transpositionem
916 3220 1088 3299 perturbata,
1103 3218 1141 3282 ad

180 3321 246 3362 eum
254 3300 337 3382 usque
346 3302 457 3376 locum,
467 3302 514 3362 ubi
529 3305 628 3365 iterum
638 3304 673 3365 de
681 3302 813 3363 derivatis
826 3301 861 3359 ab
873 3300 961 3360 humo
971 3299 1081 3374 disserit,
1092 3303 1142 3380 ibi,

184 3384 244 3443 Ubi
258 3405 327 3446 nunc
343 3386 377 3465 est
388 3384 475 3446 Roma
484 3383 581 3466 septem
602 3385 728 3456 monrium
750 3385 809 3445 &o
824 3380 975 3460 Quaesane
992 3383 1058 3442 olim
1074 3405 1143 3444 con·

180 3464 275 3537 junlla
289 3482 366 3536 erant
388 3486 453 3526 cum
469 3465 524 3526 hoc
540 3466 613 3525 loco.
630 3464 723 3544 Quod
741 3464 817 3525 enim
836 3465 890 3524 hoc
907 3484 1006 3525 verum
1022 3464 1143 3539 nonsit,

181 3566 267 3608 nemo
287 3546 495 3619 adversabitur,
513 3549 560 3628 qui
581 3545 695 3620 viderit,
717 3547 746 3604 in
765 3544 875 3607 duobus
891 3547 934 3606 his
950 3546 1019 3609 locis
1039 3546 1143 3607 Varro·

181 3636 249 3688 nem
266 3647 323 3688 non
337 3626 388 3688 fibi
403 3627 543 3690 constare:
561 3627 622 3703 hic,
641 3626 719 3709 quod
731 3626 820 3689 subito
832 3628 1004 3710 interruperit
1017 3648 1079 3686 eam
1089 3626 1143 3687 dis·

221 3711 371 3771 tationem:
390 3711 446 3783 ibi,
470 3711 546 3787 quod
566 3731 609 3771 ex»
621 3711 772 3791 interrupto
794 3711 1030 3792 eamlrepetiurin
1052 3728 1143 3789 neque

212 3811 266 3872 co,
279 3811 371 3876 neque
388 3794 494 3855 ratione
511 3792 566 3855 ulia
579 3796 619 3856 ita
634 3789 795 3879 pollulante.
814 3793 904 3857 Aliter
921 3790 994 3856 enim
1014 3788 1142 3853 neutrubi
