2834 4567
285 337 351 412 DE
374 336 551 410 cincun
576 336 746 411 stritus
763 339 848 422 ‚un
872 340 948 413 vu.
1052 365 1118 440 109

150 497 345 595 Ephesum:
361 499 406 574 fic
427 498 511 572 alius
530 497 573 570 ab
594 497 705 595 aliqua
721 497 785 570 alia
807 523 864 587 re,
878 519 915 572 ut
935 498 1042 574 visum
1059 500 1118 575 esl.

152 610 285 681 Contra
307 610 492 682 naturalem
513 606 777 680 declinationem
805 607 907 706 dico,
929 610 1023 705 quod
1045 634 1119 685 non

150 715 394 814 afingnlorum
411 716 523 787 oritur
536 716 832 820 voluntqate‚se'da
846 719 1020 792 communi
1034 747 1120 796 con·

152 825 255 902 sensu.
275 829 391 923 ltaque
409 850 528 898 omnes
551 825 737 922 impositeis
761 827 979 918 nominibus,
999 852 1119 901 eorum

149 939 235 1012 item
261 940 431 1012 declinant
459 937 572 1024 casus,
599 957 701 1035 atque
724 939 847 1011 eodem
871 939 980 1012 modo
1002 940 1121 1014 dicunt
1236 946 1239 955 '

149 1047 255 1141 hujus
277 1046 505 1136 Artemidori,
523 1049 561 1121 δι
578 1043 677 1139 hujus
701 1047 816 1135 Jonae,
838 1051 875 1121 δι
898 1048 996 1143 hujus
1010 1050 1121 1145 Ephe·

149 1156 213 1230 sti:
238 1156 283 1229 sic
304 1156 339 1229 in
363 1157 437 1229 aliis
462 1156 601 1230 cafibus.
624 1158 713 1229 Cum
741 1165 922 1253 utrumque
954 1183 1121 1231 nonnun-

150 1293 252 1366 quam
264 1270 413 1361 accidat,
426 1272 464 1343 &
475 1289 512 1343 ut
524 1269 765 1342 insoluntaria
779 1269 1121 1345 declinationeanim·

63 1469 67 1474 Ι
150 1379 347 1452 advertatur
361 1399 499 1466 natura,
512 1380 552 1453 dc
567 1378 601 1449 in
619 1379 763 1451 naturali
778 1380 950 1468 voluntas,
964 1405 1040 1477 quae
1056 1368 1121 1454 cu&

150 1484 297 1583 jusmodi
316 1488 401 1581 sint,
422 1488 590 1585 aperietur
614 1487 713 1563 infra.
732 1490 839 1580 Quod
856 1509 996 1585 utraque
1016 1491 1121 1564 decli·

151 1599 294 1672 natione
306 1600 370 1674 alia
383 1596 469 1672 fiunt
482 1598 601 1669 similia
612 1651 623 1686 ,
634 1600 699 1671 alia
712 1598 877 1670 diffimilia
888 1652 899 1687 ,
912 1602 954 1671 de
968 1625 1011 1679 eo
1024 1603 1122 1672 Grae·

149 1707 187 1784 ci
213 1707 391 1805 Latinique
414 1709 522 1781 libros
548 1706 703 1780 fecerunt
720 1708 867 1792 multos3
895 1710 1014 1802 partim
1043 1736 1122 1783 cum

150 1819 212 1895 alii
234 1837 393 1918 putarent
418 1818 454 1891 in
478 1817 653 1914 loquendo
674 1843 715 1891 ea
736 1819 840 1892 verba
864 1818 955 1914 sequi
979 1840 1123 1916 oporte·

152 1953 301 2026 re,quae
323 1953 342 2000 a
362 1925 523 1999 similibus
544 1924 694 1998 fimiliter
716 1925 819 1998 essent
834 1927 1017 2018 declinata,
1041 1954 1124 2026 quas

154 2038 367 2135 appellarunt
380 2036 564 2118 alannae:
580 2033 637 2108 alii
655 2057 734 2108 curn
748 2035 784 2106 id
804 2035 1045 2133 neglegendum
1061 2063 1125 2134 pu·
1165 2089 1166 2092 ι

154 2164 284 2237 tarent,
298 2170 337 2220 ac
357 2145 472 2242 potius
490 2142 691 2240 sequendam
714 2149 864 2226 συνήθειαν
880 2143 1123 2217 dislimilitudi·

154 2280 318 2353 nemque,
331 2280 406 2352 quae
421 2253 457 2326 in
473 2250 718 2325 consuetudine
732 2250 797 2323 est:
812 2277 912 2348 quam
931 2253 1029 2326 etiarn
1050 2275 1122 2325 vo·

155 2386 237 2439 cant
256 2365 445 2448 drinaum:
471 2386 574 2450 eum,
600 2382 639 2436 ut
662 2384 728 2457 ego
753 2360 919 2449 arbitror,
939 2382 1123 2458 utrumque

155 2474 197 2547 sit
218 2472 318 2547 nobis
334 2470 563 2570 sequendum3
583 2470 676 2568 quod
697 2470 735 2540 in
750 2467 977 2546 declinatione
993 2471 1122 2542 volun·

156 2583 242 2658 tatia
268 2584 306 2656 fit
329 2585 502 2667 ἀνωμαλία,
522 2581 557 2652 in
582 2580 726 2654 naturali
750 2579 855 2677 magis
880 2580 1124 2679 analogiajDe
1188 2580 1192 2588 ’
1226 2647 1228 2650 .
1276 2594 1304 2660 ,'

156 2695 279 2793 quibus
296 2693 469 2791 utriusque
487 2691 619 2791 generis
643 2689 927 2764 declinationibus
947 2692 1054 2764 libros
1074 2690 1124 2765 sa·

158 2805 245 2878 ciam
266 2804 317 2879 bis
340 2822 477 2876 ternos:
499 2801 643 2898 prioreis
664 2799 743 2873 treis
768 2802 810 2872 de
832 2825 946 2873 earum
971 2801 1124 2875 declina·

158 2913 293 2988 tionum
309 2910 506 3009 disciplina,
525 2909 763 3008 posteriorem,
781 2934 822 2983 ex
842 2911 915 3001 ejus
937 2910 1125 3006 discipline.

68 3013 71 3024 '
159 3024 413 3123 propaginibus.
434 3025 492 3095 De
514 3023 685 3116 prioribus
711 3022 838 3119 primus
861 3022 926 3094 erit
949 3022 1026 3095 hic:
1047 3046 1125 3118 quae

159 3156 284 3212 contra
309 3133 559 3206 similitudinem
581 3133 850 3207 declinationum
878 3133 1044 3206 dicantur.
1065 3133 1126 3202 Se·

159 3243 310 3332 condus,
333 3267 410 3339 quae
437 3261 560 3315 contra
585 3240 897 3313 dislimilitudinern.
921 3237 1058 3311 Tertius
1084 3237 1127 3310 de

159 3354 417 3430 similitudinum
430 3354 550 3426 forma.
563 3354 605 3426 de
619 3353 741 3449 quibus
755 3376 831 3443 quae
847 3348 1044 3445 experiero,
1058 3348 1127 3421 fin·

160 3463 267 3562 guleis
286 3464 416 3551 trihus,
439 3482 512 3537 tum
537 3463 578 3536 de
602 3461 734 3537 altereis
757 3458 900 3531 totidem
921 3457 1063 3530 scribere
1085 3482 1126 3537 ac

161 3575 314 3648 dividere
330 3573 527 3672 incipimus.

210 3683 391 3779 Incipiam,
410 3683 506 3780 quod
526 3676 665 3774 hujusce
688 3676 767 3749 libri
784 3675 852 3766 esi,
871 3676 983 3752 dicere
1005 3696 1127 3751 contra
1170 3749 1174 3756 ,

163 3816 245 3889 ros,
260 3795 321 3895 qui
343 3791 593 3869 similitudinem
621 3791 826 3892 sequuntutt
844 3814 920 3889 quae
944 3787 1012 3882 est,
1027 3806 1068 3861 ut
1090 3787 1128 3860 in
