2834 4567
157 446 162 456 .
256 397 328 475 212
476 381 526 455 n.
550 379 771 457 renuunt
795 360 1034 461 vnnrlonrs

319 541 402 612 Non
428 538 526 614 vides
554 542 590 614 in
616 547 746 644 magnis
774 548 976 649 peristyliis,
996 551 1055 648 qui
1080 571 1219 653 cryptas

258 649 355 722 dorni
372 674 443 724 non
460 652 597 741 habent,
608 654 754 730 sabulum
771 658 882 753 jacere
896 685 915 733 a
929 660 1055 756 pariete
1068 683 1126 738 aut
1138 690 1219 766 cry·

256 758 343 856 ptis,
363 762 421 835 ubi
443 765 613 838 ambulare
635 768 771 862 poffint.
792 776 880 872 Non
900 778 1064 851 sabulum.
1088 798 1094 811 ·

306 870 390 942 Non
405 871 498 946 vides
512 873 546 945 in
567 875 700 971 publica
721 881 820 953 noble
833 898 866 954 te
886 882 1059 972 tabernas,
1074 907 1140 978 qua
1154 899 1219 980 po*

256 975 356 1074 pulus
382 980 589 1056 ambulando
610 983 751 1081 perinde
771 1007 809 1062 ut
829 987 865 1061 in
887 1010 983 1064 arato
997 1015 1118 1089 porcas
1139 991 1218 1065 red·

128 1066 132 1089 ⁸
257 1081 425 1162 din-Non.
441 1091 558 1165 Porcae.
695 1084 701 1090 ⁴
841 1106 845 1111 '

305 1195 451 1294 Aliquot
467 1180 710 1295 Romae‘sum,
725 1206 786 1303 qui
805 1207 841 1282 in
860 1208 961 1283 cellas
981 1209 1128 1285 vinarias
1149 1211 1219 1299 fru-
1250 1246 1254 1265 =
1283 1286 1286 1291 ,
1343 1301 1347 1310 .

134 1404 137 1411 .
256 1299 469 1401 &disparant
481 1361 491 1392 ‚
503 1330 542 1385 ut
560 1315 719 1392 vendant.
734 1320 824 1392 Non.
836 1319 1000 1412 Fnrdluis,
1014 1348 1074 1418 pro
1081 1320 1221 1411 fruc‘dus.

309 1414 393 1490 Haec
412 1418 528 1493 ‘Numa
543 1423 732 1522 Pompilius
746 1425 821 1499 fieri
836 1427 860 1500 fi
876 1427 1023 1519 viderit,
1042 1428 1122 1501 sciet
1139 1427 1223 1500 suo-·

257 1545 332 1593 rurn
349 1522 577 1605 institutorum
596 1559 659 1609 nec
671 1537 788 1611 volam
801 1562 863 1613 nee
882 1537 1061 1636 relligioni
1079 1557 1219 1635 appare·

256 1654 306 1705 re.
327 1639 417 1713 Non.
442 1646 548 1731 Vola,
568 1648 605 1717 id
621 1649 680 1748 est,
700 1654 804 1721 media
813 1676 1039 1745 parsimanrrs.

305 1743 448 1844 Antiqui
464 1753 570 1825 nollri
592 1756 751 1831 dontibus
770 1757 919 1832 lateaitiis
942 1757 1115 1854 paululum
1138 1781 1218 1832 mo·

156 1938 167 1957 ,
257 1850 305 1927 do
328 1858 494 1954 lapidibus
521 1864 735 1957 suffundaris,
758 1890 796 1939 ut
812 1870 989 1941 humorem
1005 1867 1218 1968 effugerent,

255 1961 461 2041 habitabant.
480 1975 568 2045 Non.
588 1973 839 2070 Sufflendatum‚
857 1981 893 2049 id
906 1982 960 2084 est,
970 1982 1156 2077 subjellutn.
1223 2050 1231 2064 ,

305 2077 356 2146 Ut
376 2075 572 2152 hirundines
594 2080 707 2181 figulis
731 2086 847 2162 oblitis
866 2089 941 2164 luto
962 2091 1088 2195 tegulas
1107 2090 1239 2191 finge-1*

254 2175 347 2253 bant.
369 2185 456 2267 Non.
478 2188 613 2283 fingere.
1077 2280 1080 2284 Α
1174 2194 1177 2201 ’

303 2293 349 2360 'At
363 2290 400 2362 in
417 2290 581 2391 segetibus
593 2297 670 2398 poll
684 2300 818 2377 mellent
836 2306 1040 2411 colligebant
1056 2309 1217 2385 llranren·
1295 2305 1296 2308 '

254 2416 312 2483 ta,
330 2403 406 2498 quis
427 2406 600 2485 domicilia
617 2412 782 2505 colerent.
799 2422 945 2511 Nonius,
967 2427 1089 2510 Colere,
1109 2427 1147 2496 id
1157 2427 1215 2530 est,

252 2539 374 2591 omem.
1082 2558 1084 2562 ⁸

304 2625 425 2701 Nihilo
446 2628 551 2726 magis
571 2630 683 2705 dicere
704 2634 889 2727 muliebre,
912 2662 1012 2734 quam
1032 2638 1074 2710 de
1092 2639 1215 2739 mulie·
1297 2672 1305 2685 ·

253 2732 307 2807 bri
325 2734 435 2813 ricino
459 2737 635 2835 palliolum
661 2743 812 2843 finrplex.
829 2750 919 2821 Non.
940 2749 1124 2842 Ricinium,
1137 2756 1216 2845 pat·

254 2850 365 2920 liolurn
379 2848 565 2939 femineum.
693 2912 700 2917 -

302 2960 368 3037 Sed
387 2980 425 3035 ut
443 2965 536 3038 canis
555 2964 625 3041 line
645 2967 745 3044 coda.
765 2975 851 3043 Non.
878 2973 979 3043 Coda.
1109 3056 1114 3064 ὁ

302 3071 426 3146 Saltem
436 3074 587 3151 infernus
600 3080 797 3153 tenebrosus
807 3084 1028 3167 κακοδαίμονας
1038 3098 1214 3177 tenet,at·

46 3184 52 3199 ¹
138 3222 140 3227 >
251 3186 1214 3293 quehabethominessollicitostquodeumpejusforrni·

252 3294 354 3386 dant,
367 3322 464 3393 quant
479 3296 566 3372 fullo
581 3298 717 3379 ululant.
728 3304 818 3377 Non.
832 3304 975 3396 Habere,
988 3307 1027 3377 id
1035 3308 1090 3411 ιβ,
1096 3300 1212 3397 struere.

479 3522 510 3587 T
529 3526 553 3589 E
571 3526 592 3589 S
613 3524 640 3590 T
660 3525 685 3589 ll
705 3525 741 3591 Μ
761 3526 785 3591 E
804 3527 834 3592 N
853 3527 882 3591 T
901 3528 930 3593 U
949 3526 985 3592 M

444 3630 518 3721 Περὶ
543 3641 690 3721 διαθήκων
703 3641 794 3724 ’μετὰ
814 3645 1021 3728 (praetendunt.
1096 3648 1099 3652 ’

717 3758 739 3797 rr

298 3861 413 3947 Venio
430 3885 522 3940 nunc
542 3862 585 3937 ad
604 3861 746 3938 alterurn
767 3886 872 3965 genus
890 3857 1099 3954 testamenti,
1115 3859 1212 3958 quod
