2834 4567
406 323 909 444 tanonautn
1074 390 1149 470 κῃ

240 535 348 630 Quod
365 534 497 624 Curio,
517 559 592 608 cum
606 532 641 606 id
654 531 800 622 fecisset,
811 531 944 605 dicebat
959 530 1094 622 amicis,
1109 553 1150 608 ut

192 646 259 720 illis
284 645 546 731 renuntiaretur,
563 644 596 716 se
615 642 939 740 obstringislatutum
965 667 1008 715 ne
1028 643 1150 720 triume

192 756 278 852 phus
304 756 563 842 decerneretur,
590 771 647 826 aut
678 776 721 824 ne
746 751 867 824 iterum
882 748 980 825 sietet
1004 751 1149 828 Consul.¹

191 870 295 956 Idem,
314 868 541 967 obstrigiltarr,
560 866 684 969 obstare
704 866 854 958 loquitur
869 887 970 939 autem
987 868 1088 937 Varro
1109 868 1148 936 dr

192 973 320 1067 Casan.

238 1084 359 1179 Neque
380 1080 415 1154 id
435 1081 517 1158 caeci
532 1081 696 1159 Consules
716 1080 887 1175 fecissent,
904 1108 979 1183 quar
1006 1086 1148 1157 mandat
1283 1147 1290 1156 .

191 1209 226 1262 ta
246 1216 366 1264 arcana
384 1190 426 1266 T.
444 1193 570 1289 Ampio
592 1192 773 1282 dedissent,
791 1212 848 1266 aut
873 1193 981 1266 dividi
1000 1195 1148 1269 Centum

191 1299 259 1374 Cn.
273 1304 444 1399 Magnum.
465 1305 576 1393 Idem,
594 1306 701 1378 Caecus
709 1330 770 1397 pro
791 1308 974 1398 improvido.

249 1413 365 1510 Itaque
377 1412 509 1493 rettulit
522 1414 593 1487 auri
608 1414 727 1509 pondo
742 1413 835 1486 mille
849 1413 1079 1510 ottingentstm
1097 1413 1147 1490 se·]

188 1521 361 1618 ptuaginta
371 1520 533 1617 quinque.
554 1527 664 1610 Idem,
678 1525 793 1596 Pomdo
804 1526 888 1594 mille
899 1522 1116 1617 offingrntrsm.

238 1628 351 1699 Caesar
371 1628 721 1718 reversionemfecit,
738 1654 781 1700 ne
800 1629 875 1725 post
892 1630 1090 1723 occipitium
1111 1627 1149 1701 in

188 1734 350 1830 Hispania
373 1735 539 1807 exercitus
560 1733 756 1832 quierant,
781 1735 1002 1830 relinqueret:
1022 1761 1094 1832 quo
1113 1737 1147 1809 se

187 1841 377 1937 conjiceret
398 1838 601 1938 Pompeius,
625 1860 664 1914 ut
689 1841 830 1939 ancipiti
850 1851 1023 1940 urgeretur
1045 1842 1149 1928 bellot

187 1958 296 2042 Idem,
311 1959 451 2048 Anceps.

244 2061 317 2159 lpsa
340 2064 445 2137 ltaliae
468 2061 595 2160 oppida
610 2060 1149 2160 suntvasiata,quaepriuserant
1241 2117 1245 2126 -

188 2169 366 2244 hominum
383 2168 516 2244 referta.
530 2176 639 2259 Idem,
658 2174 759 2267 Casus
764 2200 825 2268 pro
845 2176 932 2269 casu.
1197 2261 1208 2278 .

243 2283 361 2379 quue
375 2282 548 2379 pecuniam
565 2306 715 2380 magnam
730 2281 1081 2380 consumsissetffiuod
1093 2307 1147 2354 ar·

189 2386 243 2472 ci,
262 2414 349 2486 quos
371 2391 501 2463 summo
519 2415 623 2486 opere
641 2390 785 2482 fecerat,
799 2389 878 2484 {feffi
898 2394 1070 2490 pondere,
1088 2393 1148 2465 diu

189 2498 769 2589 facti,celerirercormitsem.Non.
784 2507 875 2575 Arci.
965 2507 968 2512 ’
1009 2539 1016 2551 ·

248 2608 398 2685 Tunicas
422 2635 533 2709 neque
554 2609 692 2706 capitia,
715 2634 823 2716 neque
845 2608 1013 2707 strophia,
1036 2634 1147 2708 neque

188 2739 300 2792 zonat.
314 2724 416 2809 Idem,
428 2722 459 2790 C
457 2721 575 2814 apitia,
588 2723 725 2814 capitum
737 2722 880 2818 tegmina.

248 2825 370 2923 Neque
392 2824 428 2898 id
443 2827 486 2898 ab
509 2825 622 2901 orbita
642 2849 785 2900 matrum
814 2824 953 2902 familias
977 2823 1150 2905 instituti}

190 2936 283 3034 quod
302 2959 351 3010 eae
370 2937 505 3034 pestore
524 2936 563 3008 δε
583 2933 715 3009 lacertis
729 2951 823 3007 erant
842 2935 985 3032 apertis,
1006 2960 1069 3009 nec
1088 2959 1149 3018 cat·¹

188 3043 271 3145 piria
284 3031 451 3125 taberent.
464 3050 554 3122 Nm.
567 3052 690 3123 utam
705 3049 1075 3154 smmrumsmmm

450 3255 691 3335 tuentem
724 3258 884 3348 uttam.
971 3241 973 3246 ’

233 3377 351 3476 Itaque
372 3379 440 3456 hoc
459 3382 503 3455 ab
524 3406 586 3456 ore
605 3383 730 3456 dicitur
748 3378 929 3454 osculum:
951 3396 1022 3452 tum
1040 3404 1058 3453 a
1073 3377 1162 3455 sua-⁸¹

187 3486 293 3561 vitate
311 3490 465 3567 suavium
478 3541 491 3579 ,
504 3494 598 3593 quod
623 3493 730 3567 simile
751 3489 791 3565 sit
803 3490 971 3567 suavitati.
990 3494 1142 3584 Nonius,

127 3683 130 3692 Ι
190 3595 340 3690 Osculum
356 3600 390 3673 ὅ*
398 3604 558 3695 suavium.
696 3603 699 3610 ’

227 3708 333 3792 δεεΙεε
353 3712 468 3804 diua,
489 3715 582 3812 quod
608 3716 695 3811 apud
715 3730 848 3790 veteres
870 3715 1046 3789 Romanos
1068 3736 1141 3785 non

187 3836 256 3891 erat
273 3814 348 3891 usus
357 3820 596 3896 accumbendi:
617 3822 705 3894 unde
719 3825 757 3897 &
776 3820 968 3896 Consedere
981 3816 1143 3900 dicebam,
