2834 4567
253 324 325 415 134
589 300 881 385 Nono

250 478 297 540 vel
307 473 468 558 exporgints.
478 470 606 534 Similiter
622 473 650 533 in
663 472 706 534 ltis
719 472 792 533 libris
807 470 1038 549 monthnosco,
1048 473 1080 537 ἂ
1090 471 1222 559 Propius,

250 561 280 620 in
294 556 431 643 Ignosco,
447 554 579 620 Prodius:
594 554 739 617 manisello
757 576 861 620 errore.

620 738 746 838 Pagina
760 764 839 836 ²7²·

293 873 511 956 [affrontat]
527 873 697 950 ’Enrteplor
718 875 832 935 nomine
846 870 971 954 intelligit
989 870 1085 934 varro
1102 888 1215 932 omnem

250 956 354 1017 cultum
371 958 402 1017 &
417 957 573 1031 honorem,
592 958 639 1038 qui
654 958 769 1016 mortuis
785 955 888 1017 solebat
905 954 1003 1014 deferri
1020 951 1088 1092 poll
1103 952 1218 1034 sepultu-

175 1074 178 1081 .
250 1059 325 1114 ram:
340 1040 419 1112 cujus
433 1040 538 1119 generis
556 1038 661 1118 elogia,
674 1038 842 1118 parentalia,
859 1034 1008 1110 februm&
1041 1035 1131 1095 m'lia:
1146 1055 1217 1116 quo·

251 1139 314 1180 rum
329 1120 480 1183 ambitione
498 1139 553 1178 non
569 1117 656 1178 modo
675 1119 763 1178 claros
774 1121 803 1180 bt
821 1119 972 1178 honoratos
989 1118 1085 1188 viros,
1104 1116 1151 1176 sed
1166 1117 1219 1175 bo·

251 1203 344 1261 mines
365 1201 448 1261 eriam
474 1201 598 1281 privatos
611 1199 643 1259 δι
662 1198 774 1260 infimos
797 1196 941 1272 exarsisse,
964 1197 1095 1259 tellanrur
1112 1217 1218 1257 monn·

251 1298 363 1354 menta,
379 1281 477 1362 quibus
503 1301 589 1361 prope
613 1299 712 1341 omnes
738 1282 898 1361 provincias
922 1279 1104 1360 repleverunt.
1121 1278 1219 1359 Epitaae

250 1364 378 1445 phiomm
394 1377 486 1422 autem
504 1360 583 1420 usum
605 1380 662 1422 non
681 1362 805 1421 inutilem
821 1362 876 1423 esse
894 1360 1012 1422 ostendit
1032 1358 1107 1421 Cato
1121 1361 1162 1419 ille
1173 1358 1219 1419 se·

251 1463 322 1516 nex,
336 1443 382 1523 qni
396 1442 471 1524 apud
486 1440 651 1504 Ciceronem
666 1445 693 1502 in
710 1444 780 1503 libro
797 1443 832 1503 de
851 1442 993 1504 Seneblute
1011 1438 1169 1523 profitetur,
1186 1437 1219 1500 se

250 1523 374 1606 legendis
393 1522 521 1605 sepulcris
533 1526 560 1583 in
574 1526 739 1585 memoriam
758 1524 846 1586 redire
862 1544 1045 1585 mortuorum.

292 1604 339 1666 'En
351 1603 390 1665 le‘
398 1626 460 1667 τισι
474 1628 501 1665 κ.
519 1626 547 1668 τ.
567 1604 617 1745 ml]
637 1606 729 1666 Vetus
742 1606 845 1677 editio,
871 1610 955 1667 Varro
973 1624 1131 1680 correptor
1142 1600 1222 1664 eolr-

251 1707 331 1758 rrrt,
342 1708 405 1769 περι
417 1707 560 1762 σνταφιων.
571 1687 600 1748 Α
611 1686 668 1761 rbi,
685 1687 770 1747 Varro
786 1709 850 1769 nepe
868 1706 1038 1763 entrepror.
1053 1704 1168 1768 utraque
1182 1685 1221 1746 le·

252 1766 308 1828 ctio
325 1788 473 1848 corrupta,
490 1789 526 1828 ex
540 1788 595 1850 qua
613 1788 708 1829 eruere
727 1767 870 1830 meliorem
895 1770 1019 1829 nondum
1036 1768 1122 1849 potui.

298 1851 355 1910 Ubi
369 1866 492 1910 moneant
506 1851 592 1925 repeti
606 1851 690 1929 δια]
709 1848 803 1923 Libri,
823 1851 927 1932 inquit,
947 1849 1009 1909 sunt
1026 1848 1129 1910 indices
1142 1847 1222 1909 locu·

251 1928 353 2003 lorum,
365 1930 463 2011 quibus
481 1929 635 1990 conduntur
648 1932 752 1991 cinerea
768 1948 851 2012 atque
863 1929 921 1991 olla
935 1928 1081 2004 Deorum,
1090 1932 1222 1991 heroum·

142 2088 144 2095 y
253 2030 308 2072 ve:
327 2029 463 2091 quomam
483 2013 510 2069 in
526 2009 553 2070 se
591 2011 653 2071 lctis
670 2013 742 2070 nulla
757 2030 840 2084 nota,
855 2013 957 2072 nullum
974 2010 1079 2095 fignum
1096 2029 1221 2093 apparet.

253 2088 401 2164 κάπετος,
415 2092 529 2172 specus,
555 2089 629 2165 olla,
645 2091 758 2168 scrobs,
774 2093 806 2154 &
823 2114 907 2155 omne
925 2113 1028 2154 cavum
1043 2108 1123 2153 terrae
1138 2092 1222 2153 rebus

252 2173 415 2234 tondendis.
432 2176 522 2253 iraque
538 2173 617 2231 notio
634 2174 693 2247 ejus
709 2174 817 2248 laxior,
836 2196 919 2257 qoam
936 2174 1036 2249 τάφου.

297 2254 432 2333 Quoniam
444 2254 473 2312 in
484 2252 614 2354 sepulcris
629 2254 712 2335 δια]
733 2252 857 2317 Laertius
871 2257 917 2317 lib.
935 2255 953 2316 8
974 2256 1009 2316 de
1031 2252 1222 2337 Empedocle:

253 2329 346 2396 oller
363 2331 398 2396 «ll
415 2332 581 2415 nopalofior
598 2334 695 2413 τάφον
711 2331 800 2398 αὐτοῦ
813 2336 855 2416 nl
874 2336 1052 2417 φαίνεσθαι,
1063 2334 1142 2416 pnll
1155 2338 1221 2419 γᾶς

253 2412 350 2478 ἄλλων
364 2415 489 2479 manarit.
504 2415 662 2490 Juvenalis:

437 2531 555 2549 --
568 2504 633 2559 aare
647 2497 714 2578 fient
731 2500 794 2581 ipfit
812 2518 910 2582 quoque
922 2499 988 2582 sate
1002 2496 1143 2583 [lpaltrr‘s.

214 2645 216 2647 ,
252 2577 394 2641 Ausonius
409 2579 614 2662 Epigrammata
628 2600 665 2672 34
682 2603 690 2641 τ

295 2664 428 2723 Miremur
441 2661 543 2741 periiffe
563 2663 706 2722 ltorntnes?
726 2679 889 2723 monumento
904 2662 1048 2745 fhrissnnt.

338 2745 418 2803 Mors
439 2745 517 2802 etiam
533 2743 633 2820 βαι),
653 2745 848 2826 nominibusque
868 2746 950 2805 venir.

296 2825 356 2885 Nec
368 2826 449 2893 oola,
468 2844 515 2883 nec
527 2825 693 2907 ¹vestigium]
707 2824 776 2903 Hoc
798 2826 940 2906 proverbii
956 2825 1035 2889 usum
1052 2824 1141 2893 habet.
1152 2842 1220 2886 cum

253 2924 298 2964 res
317 2907 428 2965 evanuit
450 2905 503 2974 ita,
519 2920 548 2963 ut
566 2925 601 2965 ne
620 2904 754 2983 indicium
783 2907 914 2987 quidem,
934 2907 980 2968 vel
1006 2907 1109 2989 signum
1130 2905 1220 2967 ullum

253 2983 378 3065 superfit.
398 2986 465 3046 nota
482 2987 555 3046 enim
570 2990 728 3048 communis
746 2986 786 3049 est
804 2988 989 3065 tolotanos,
1008 2990 1055 3050 vel
1073 2988 1149 3071 pedis
1167 2990 1222 3048 im·

252 3064 362 3149 preffio.
380 3064 475 3127 Exstat
492 3068 522 3128 ἃ
535 3066 777 3209 Tapltemenippo.

296 3153 354 3210 Elll
375 3153 421 3210 ΤΗ
441 3155 560 3230 mli]
582 3148 665 3211 Hunc
681 3153 729 3210 tiro
740 3171 789 3214 um
803 3149 929 3213 obtinere
944 3150 1039 3213 locum
1055 3151 1222 3233 proverbii,

253 3229 357 3291 indicat
379 3228 486 3292 Gellius
507 3230 554 3294 lib.
578 3251 623 3314 ις.
653 3231 745 3294 Videre
766 3252 869 3306 tamen,
890 3235 993 3314 inquit,
1018 3256 1050 3292 ne
1069 3233 1222 3315 existimeris

249 3312 368 3394 semper,
383 3331 461 3394 atque
477 3316 506 3372 t'n
522 3318 591 3373 omrtt¹
604 3316 678 3387 loco,
696 3314 817 3376 mortales
831 3315 926 3375 multos
937 3336 985 3393 pro
1003 3317 1092 3375 multis
1109 3316 1222 3374 lomini-

254 3394 306 3452 bur
318 3393 364 3474 effe
380 3396 535 3471 dicendum,
553 3419 584 3455 ne
597 3396 677 3477 plane
685 3399 741 3477 fiat
755 3396 872 3458 Graerrtm
887 3397 957 3457 illud
975 3398 1005 3455 de
1023 3398 1153 3458 Varronis
1167 3397 1221 3454 Sa·

253 3493 316 3554 tyra
326 3476 502 3557 proverbium,
513 3477 575 3538 Ἐπὶ
593 3475 631 3554 τῇ
642 3477 725 3558 φακῇ
732 3476 824 3562 μύρον.
834 3477 927 3558 Quod
942 3476 1033 3537 Varro
1046 3480 1114 3553 jacit
1127 3478 1153 3535 in
1171 3477 1223 3536 ho·

223 3605 225 3607 »
254 3557 345 3621 mines
358 3557 511 3619 sunttuosos
530 3559 633 3637 pariter
650 3559 681 3621 δι
694 3563 803 3637 inertes,
818 3564 865 3642 qui
881 3559 950 3620 nihil
964 3556 1088 3639 possunt,
1105 3559 1152 3620 vel
1167 3559 1225 3618 ani·

255 3640 295 3699 mi
311 3642 503 3713 contentione,
520 3638 677 3713 vellabore
696 3645 820 3725 corporis
834 3641 962 3716 efficere,
978 3642 1010 3701 δι
1025 3640 1085 3701 sunt
1098 3642 1125 3698 in
1142 3640 1224 3698 omni

252 3720 321 3789 ,vitae
337 3723 443 3784 ratione
459 3723 505 3782 vel
521 3722 616 3783 labore
630 3724 741 3784 lauriae
756 3724 900 3807 elegantes.
915 3721 990 3784 Cum
1003 3742 1096 3793 antem
1113 3721 1223 3795 vitam,

253 3820 341 3883 fluam
357 3805 446 3868 centris
465 3805 551 3867 cultus
565 3805 697 3888 corporis
715 3804 795 3871 saclle
813 3804 960 3881 sustentat,
977 3803 1101 3868 obruunt
1120 3803 1220 3887 copia,
