2834 4567
256 397 260 404 ·
310 392 374 472 DE
399 389 573 497 unctu
598 388 771 464 turtur
795 391 874 468 uu
898 393 986 466 vu.
1065 416 1127 492 153
1179 381 1186 394 '
1258 373 1267 511 J
1410 347 1411 360 l

178 551 281 642 cudi,
306 551 483 647 percutio,
508 548 707 647 percutiam.
735 551 965 648 &deinceps
991 552 1026 628 in
1054 554 1135 627 reli·

178 662 273 757 queis
292 659 502 757 temporibus
522 660 781 757 reprehendenti
804 660 1001 759 responderi
1016 662 1135 758 potell.
1230 689 1234 698 ⁸

177 767 336 842 Similiter
349 784 480 855 errant,
493 768 552 864 qui
566 768 705 856 dicunt,
723 793 766 842 ex
780 789 922 868 utraque
938 791 1036 866 parte
1059 797 1137 845 vet·
1263 785 1270 804 ⁹
1410 803 1411 813 ¹

120 943 125 956 .
179 879 222 953 ba
238 879 356 954 omnia
367 898 574 953 commutare
587 879 732 979 syllabas
746 891 924 978 oportere,
939 900 978 955 ut
994 880 1028 954 in
1045 883 1137 978 heis,
1270 917 1275 926 ·

180 1015 319 1094 pungo,
343 1015 512 1090 pungam,
534 991 681 1091 pupugi:
702 994 835 1082 tundo,
857 992 1017 1079 tundam,
1043 1012 1135 1082 tutus

180 1097 227 1170 di.
248 1097 412 1172 diffimilia
433 1098 526 1172 enirn
550 1098 754 1190 conferunt,
778 1101 882 1174 verba
893 1099 1029 1175 *infecit
1045 1127 1138 1177 cunt

152 1283 156 1288 ⁴
181 1204 363 1300 persedeis.
376 1207 483 1301 Quod
496 1207 521 1280 st
535 1206 658 1282 inferia
673 1209 779 1282 modo
796 1208 1009 1300 conferrent,
1022 1212 1139 1288 omnia

185 1315 281 1387 verbi
302 1316 467 1413 principia
486 1317 778 1393 incommutabilia
800 1318 1015 1393 viderentur:
1043 1339 1081 1394 ut
1102 1321 1139 1391 in

184 1423 277 1514 heis,
306 1428 517 1526 pungebant,
541 1451 679 1527 pungo,
704 1453 861 1527 pungam.
884 1418 927 1501 Et
950 1447 1071 1504 contra
1096 1455 1141 1502 ex

185 1553 326 1635 utraque
349 1556 444 1634 parte
455 1537 729 1625 commutabilia,
747 1537 770 1610 ti
789 1537 933 1634 persedit
952 1558 1141 1637 ponerent,

184 1664 221 1716 ut
235 1670 462 1742 pupugerant,
481 1647 629 1742 pupugi,
649 1670 838 1743 pupugero.
851 1648 934 1719 lteni
953 1652 1039 1723 male
1057 1674 1141 1724 con·

185 1749 322 1839 ferunt,
349 1751 419 1842 fui,
442 1743 539 1843 sum,
563 1775 642 1826 ero:
670 1754 765 1852 quod
788 1753 838 1825 fui
862 1754 909 1826 est
938 1756 1143 1852 perfedtun:

185 1857 284 1955 cujus
305 1859 403 1934 seties
425 1860 505 1950 fibi,
526 1880 568 1933 ut·
586 1861 704 1951 dellet,
726 1861 764 1934 in
790 1862 956 1958 omnibus!
974 1865 1145 1960 personeis

188 1972 227 2044 δι
243 1967 384 2048 formeis
403 1968 551 2043 constat:
570 1970 665 2066 quod
682 1968 749 2061 eli,
766 1968 914 2060 fueram,
937 1970 1006 2066 fui,
1027 1972 1145 2061 suero,

189 2082 232 2155 de
253 2080 413 2156 infelieis.
438 2079 529 2170 sum,
553 2081 650 2178 quod
677 2106 769 2157 nunc
800 2081 945 2170 dicitur,
974 2083 1157 2157 dicebatur‘z

51 2209 56 2215 “
189 2193 301 2268 esunt:
324 2196 362 2269 δι
393 2193 429 2265 in
453 2191 614 2266 omnibus
639 2191 810 2288 personeis
837 2192 1028 2284 constabat,
1050 2193 1147 2293 quod

191 2306 384 2395 dicebatur,
407 2303 518 2394 esum,
540 2326 596 2393 et,
613 2305 682 2378 est:
703 2329 817 2396 eram,
839 2329 930 2396 eras,
952 2325 1042 2380 erat:
1063 2331 1148 2396 ero,

191 2416 279 2503 eris,
300 2415 374 2489 erit.
393 2413 649 2511 ticlhujusmodi
670 2433 777 2490 cetera
801 2415 934 2491 servare
958 2418 1148 2515 analogiam

191 2523 335 2603 videbis.
359 2523 466 2598 Etiam
490 2525 560 2598 hoc
587 2524 857 2621 reprehendunt,
878 2526 971 2623 quod
997 2526 1150 2622 quadam
1187 2599 1198 2619 ,

191 2635 297 2708 verba
318 2635 429 2731 neque
450 2631 607 2729 personas
631 2625 754 2708 habent
776 2652 909 2722 ternas,
935 2659 1044 2732 neque
1065 2655 1151 2708 tem·

145 2839 150 2850 Ι
191 2770 277 2844 pota
296 2766 402 2820 terna.
427 2745 465 2817 ld
487 2744 644 2840 impetite
667 2744 938 2841 reprehendunt,
964 2765 1002 2820 ut
1024 2744 1049 2819 st
1071 2746 1151 2845 quis
1271 2757 1280 2770 “

193 2857 413 2952 reprehendat
422 2880 583 2962 naturam
589 2912 603 2945 ,
620 2858 714 2954 quod
730 2875 802 2931 non
812 2859 1005 2933 uniusmodi
1017 2856 1152 2932 finxerit

195 2963 366 3048 annualeir
387 2963 529 3037 omneis.
543 2962 582 3062 ‚si
601 2961 691 3035 enim
715 2982 830 3037 natura
851 2990 922 3038 non
937 2988 1057 3039 omnes
1076 2964 1151 3037 for·

195 3096 260 3144 mae
281 3071 464 3146 verborum
480 3091 573 3146 terna
593 3072 736 3147 habeant
754 3093 927 3169 tempora,
944 3091 1056 3146 ternas
1071 3094 1151 3168 per·
1276 3134 1286 3152 .

195 3182 315 3256 lonast
332 3207 403 3255 non
429 3183 551 3258 habent
574 3185 715 3259 totidem
735 3185 918 3258 verborum
942 3181 1151 3258 divisiones:

195 3315 300 3388 quare
321 3315 397 3365 cum
411 3290 611 3389 imperamus
629 3310 777 3379 natutae,
798 3293 893 3389 quod
910 3290 1031 3365 insede
1045 3292 1153 3365 solum
1202 3297 1219 3348 l

195 3402 316 3477 habet:
330 3423 408 3475 curn
420 3403 458 3475 dt
472 3400 627 3518 praesenti
639 3404 677 3476 δι
689 3399 1054 3499 absentiimpetamus,
1067 3400 1161 3476 fiunt¹

196 3535 309 3603 terna„
328 3532 367 3587 ut
391 3505 483 3611 lege,
505 3513 630 3610 legito,
649 3513 746 3610 legat.
769 3510 953 3610 perfeetum
978 3512 1070 3587 enim
1087 3512 1155 3585 im·

196 3642 291 3719 perat
310 3645 424 3698 nemo.
443 3636 566 3698 contra
586 3647 661 3721 quae
679 3620 756 3720 sunt
776 3620 946 3713 fatendei,
966 3643 1030 3715 ut,
1051 3623 1155 3719 lego,

197 3731 303 3829 legis,
323 3731 429 3830 legit,
454 3753 591 3805 novena
612 3729 702 3804 fiunt
727 3733 833 3805 verba
858 3732 993 3821 insedi,
1018 3754 1156 3803 novena

198 3835 347 3938 perfelli.
361 3839 537 3935 Quocirca
557 3863 629 3916 non
643 3840 667 3913 fi
681 3862 785 3941 genus
808 3844 884 3917 curn
897 3862 1019 3943 genere
1033 3834 1155 3911 discre-
