2834 4567
106 604 115 651 i

379 306 880 433 FRAGMENTh
1050 386 1115 461 3μ

159 572 163 583 ,
211 520 383 596 Removet
408 545 493 621 ergo
523 519 616 617 prius
641 545 763 596 omnes
794 520 868 595 illas
895 520 1125 614 differentias,
1195 527 1205 539 “

156 651 236 726 quae
254 654 432 705 numerum
457 631 731 729 multiplicavere
755 633 931 706 senarum:
945 658 1028 731 quas
1046 634 1127 710 ideo

157 744 386 818 removendas
406 761 527 842 putat,
547 744 628 843 quia
653 769 725 818 non
747 744 783 818 in
801 745 850 819 eiu
868 745 914 817 esi
933 744 1009 821 finis
1032 747 1130 822 boni.

158 851 279 948 Neque
306 853 399 927 enim
425 855 592 928 existimat
615 855 718 929 ullam
752 855 979 954 philosophiae
1007 855 1129 931 sedam
1207 858 1214 883 '

156 960 221 1035 effe
240 963 436 1054 dicendam,
456 990 534 1061 quae
555 987 629 1036 non
651 987 695 1038 co
716 962 812 1035 diuet
831 964 1006 1053 aceteria,
1032 963 1131 1063 quod

158 1070 316 1147 diversos
334 1075 456 1159 habeat
470 1073 556 1163 fines
571 1075 745 1149 bonorum
762 1076 800 1149 δι
817 1075 1005 1149 malorum:
1023 1102 1133 1175 quan·

158 1182 344 1281 doquidem
370 1187 465 1260 nulla
488 1186 535 1261 est
558 1184 693 1259 homini
718 1184 816 1259 causa
840 1185 1132 1283 philosophandi,

36 1364 40 1383 ,
158 1290 219 1363 nisi
243 1311 279 1367 ut
297 1295 412 1368 beatus
431 1296 492 1382 [ιτς
513 1296 609 1394 quod
634 1316 747 1369 autem
768 1297 904 1371 beatum
923 1296 1025 1387 facit,
1053 1293 1132 1368 finis

158 1399 262 1477 boni:
284 1405 377 1478 nulla
401 1404 449 1479 est
469 1404 573 1504 igitur
589 1405 684 1479 causa
698 1404 989 1503 philosophandi,
1004 1404 1066 1479 nifi
1088 1403 1133 1477 fi-

159 1511 211 1586 nis
230 1515 324 1592 boni.
341 1517 578 1610 Quamobrem
598 1541 675 1614 quae
695 1517 827 1590 nullum
845 1517 931 1592 boni
952 1515 1057 1592 finem
1084 1515 1135 1592 sc·

159 1620 284 1715 datur,
299 1626 394 1697 nulla
408 1625 635 1720 philosophiae
657 1624 741 1695 seua
764 1624 909 1698 dicenda
930 1623 988 1696 est.

209 1732 300 1803 Cum
312 1756 396 1829 ergo
413 1731 580 1830 quaeritur
594 1732 636 1803 de
647 1729 762 1807 sociali
781 1733 874 1823 vita,
889 1750 1004 1806 utrum
1026 1731 1067 1804 fit
1084 1751 1135 1805 te·

159 1840 271 1912 nenda
293 1839 434 1938 sapienti
454 1857 493 1913 ut
515 1837 684 1913 summum
704 1840 858 1929 bonum,
873 1865 945 1940 quo
963 1838 1003 1915 fit
1024 1840 1135 1915 homo

83 2047 86 2052 ι
159 1946 295 2037 beatus,
321 1949 368 2022 ita
396 1948 482 2022 velit
506 1950 546 2023 δι
557 1967 665 2049 putet
689 1948 790 2024 amici
817 1948 886 2041 sui,
908 1950 1136 2047 quemadmo-

160 2058 239 2129 dum
266 2057 383 2150 suum,
403 2085 444 2132 an
464 2057 532 2132 suae
546 2059 790 2134 tantummodo
812 2060 1032 2135 beatitudinis
1053 2085 1137 2135 cau-

161 2168 194 2241 sa
212 2166 334 2261 faciat,
347 2169 514 2268 quidquid
524 2169 625 2252 facit,
643 2192 717 2243 nott
733 2170 775 2244 de
794 2169 870 2267 ipso
884 2171 1017 2244 summo
1036 2170 1137 2243 bono

160 2278 304 2374 quaestio
324 2280 393 2369 est,
416 2279 472 2352 sed
494 2279 537 2351 de
559 2278 746 2352 affumendi
768 2279 826 2354 vel
852 2305 924 2354 nou
951 2280 1139 2356 affumendi

8 2405 17 2436 ⁸
162 2384 259 2460 socio
285 2387 328 2461 ad
360 2386 460 2481 hujus
490 2386 788 2485 participationem
814 2388 923 2480 boni,
951 2414 1023 2462 non
1052 2414 1136 2484 pto·

162 2517 238 2592 pter
259 2495 291 2568 se
308 2493 438 2591 ipsum,
456 2493 512 2568 sed
528 2514 670 2592 propter
681 2494 828 2567 eundem
844 2495 998 2585 socium,
1013 2512 1051 2568 ut
1064 2493 1138 2589 ejus

162 2606 260 2679 bono
281 2604 327 2677 ita
344 2604 486 2703 gaudeat
495 2606 602 2696 ,ficut
619 2605 742 2704 gaudet
760 2605 932 2679 su'o.1tem
949 2630 1029 2678 cum
1040 2631 1138 2702 quae·

163 2720 250 2793 titur
276 2718 319 2825 de
351 2717 562 2792 Academicis
590 2716 718 2806 novis,
748 2718 872 2816 quibus
901 2716 1031 2791 incerta
1061 2717 1140 2793 sunt

164 2828 301 2919 omnia,
315 2844 431 2902 utrum
452 2826 519 2901 fint
540 2827 586 2900 ita
600 2849 653 2900 res
673 2824 860 2916 habendae,
876 2824 912 2897 in
925 2824 1050 2924 quibus
1063 2824 1139 2922 phi·

163 2938 388 3036 losphandum
402 2937 472 3029 est,
491 2950 534 3009 an'
555 2936 639 3010 ficut
658 2936 734 3009 aliis
752 2934 972 3034 Philosophia
988 2934 1141 3032 placuit,

57 3040 64 3061 '
165 3070 275 3124 certas
290 3074 345 3122 eas
359 3036 483 3121 habete
503 3046 703 3137 debeamus,
718 3070 791 3118 non
812 3047 976 3144 quatitur
997 3042 1082 3140 quid
1102 3042 1139 3116 iu
1280 3122 1284 3140 ‚

164 3157 250 3233 boni
266 3156 334 3233 fine
351 3157 541 3259 sedandum
557 3159 616 3247 stt,
632 3157 687 3230 sed
701 3157 743 3229 de
755 3155 858 3251 ipsius
869 3144 1139 3246 boni'verinte,
1218 3222 1222 3233 ,

135 3353 138 3359 ,
164 3270 264 3368 duod
282 3267 421 3342 videtur
443 3266 651 3356 sedandum,
664 3286 779 3339 utrum
798 3263 840 3336 fit
856 3286 966 3336 necne
985 3260 1140 3336 dubitan-

167 3384 267 3481 dum3
281 3382 349 3454 hoc
362 3378 431 3468 est,
445 3398 485 3452 ut
503 3376 550 3452 ita
570 3375 704 3473 planius
726 3373 888 3471 eloquar,
901 3389 1015 3446 utrum
1029 3370 1075 3449 ita
1091 3370 1141 3446 se·

166 3495 324 3568 &andum
340 3481 474 3582 stt,sut,
486 3489 546 3587 qui
563 3487 726 3574 sedatur,
742 3485 831 3558 dicat
852 3484 917 3557 effe
940 3507 1059 3556 verum
1070 3536 1082 3573 ,
1094 3508 1140 3556 an

166 3603 234 3689 ita,
248 3622 304 3690 ut,
317 3598 380 3697 qui
390 3597 553 3686 sedatur,
575 3596 665 3668 dicat
680 3593 743 3668 fibi
763 3589 1141 3686 videri,'etiams1forte
1226 3590 1234 3612 ⁸
1261 3594 1270 3627 ”

167 3714 208 3785 stt
220 3710 479 3799 falsnm3tamen
491 3729 634 3805 uterque
649 3704 791 3779 sedetur
804 3729 910 3778 unum
929 3722 1031 3801 atque
1047 3701 1138 3774 idem

71 3926 73 3933 γ
166 3822 310 3897 bonum.
326 3825 366 3896 ln
382 3820 438 3895 illa
457 3818 560 3894 etiam
582 3814 792 3907 differentia,
807 3840 886 3916 que
899 3813 1079 3890 adhibetur
1094 3832 1139 3885 ex
1152 3925 1170 3940 ἱ
1250 3874 1252 3883 t
