2834 4567
277 346 326 444 9⁶
440 326 444 330 ’
486 344 535 416 ιιι
558 343 777 454 peneum
801 343 1036 419 vnunouu
1133 446 1137 454 Ι

277 503 395 582 versus
417 527 489 577 non
504 502 686 600 proversur
699 501 808 592 cedit,
823 497 913 600 quati
927 531 1048 580 cancer
1061 508 1158 586 solet.
1169 509 1236 586 nis

277 614 366 692 citur
387 614 430 687 ab
448 637 493 686 eo
503 667 514 700 ,
527 613 588 709 qui
603 612 639 685 in
658 612 693 686 id
713 615 808 712 quod
820 614 867 685 est
885 616 1009 689 versus.
1025 621 1062 693 δι
1076 618 1161 694 ‘ideo
1175 622 1236 719 qui
1304 621 1307 632 ’

187 751 192 760 ·
275 723 346 798 exit
361 721 397 794 in
420 719 644 812 vestibulum,
657 724 752 820 quod
767 722 904 798 estante
924 727 1237 818 domum,Prodire

276 835 316 910 δι
333 830 517 908 Procedere
538 829 675 905 dicitur.
694 832 789 928 quod
812 856 891 905 cum
906 832 986 907 leno
1007 860 1078 910 non
1093 836 1237 928 faceret,

275 942 333 1014 sed
349 940 529 1016 secundum
551 940 711 1038 parietem
730 941 937 1018 transversus
961 944 1048 1034 iret;
1063 947 1167 1037 dixit,
1188 954 1237 1022 Ut

277 1050 482 1126 transversus'
499 1050 607 1142 cedit,
622 1049 714 1149 quafi
728 1074 871 1138 cancer;
886 1076 958 1124 non
980 1057 1185 1156 proreflus,
1199 1075 1238 1129 ut
1281 1099 1284 1104 ι

275 1163 395 1235 homo.
409 1160 508 1258 Apud
522 1161 690 1247 Ennium,
704 1162 950 1236 Andromachae
963 1189 1088 1238 nomen
1101 1166 1162 1264 qui
1181 1167 1237 1239 in·
1239 1225 1242 1236 .

276 1270 386 1360 didit,
397 1271 485 1344 telle
498 1269 630 1344 indidit.
648 1273 747 1345 Item
742 1272 987 1372 ,Quapropter
1001 1275 1113 1348 Parim
1128 1274 1237 1371 pasto·

277 1405 332 1453 res
351 1361 441 1455 uuiic
458 1378 686 1454 Alexandrini
708 1399 848 1478 vocant.
870 1383 993 1456 lmitari
1017 1384 1097 1458 dum
1124 1385 1236 1458 voluit

277 1493 488 1589 Euripidem,
503 1495 541 1567 δι
555 1513 682 1588 ponere
700 1513 866 1593 etymon,
877 1494 924 1566 est
936 1495 1053 1592 lapsus.
1067 1495 1155 1569 Nam
1169 1500 1236 1569 Eu·
1331 1588 1335 1596 Ι

276 1603 402 1697 ripides
419 1603 514 1700 quod
528 1604 648 1676 Graeca
666 1603 800 1699 posuit,
819 1621 934 1702 etyma
949 1605 1024 1677 lunt
1036 1624 1159 1702 aperta.
1170 1606 1237 1678 llle

276 1699 345 1801 alt,
358 1697 437 1786 ideo
457 1735 584 1783 nomen
603 1711 752 1785 additum
764 1713 1027 1804 Andromache,
1042 1715 1137 1812 quod
1155 1716 1238 1802 ἀνδρὶ

277 1824 425 1907 μάχεται.
444 1822 513 1898 hoc
533 1820 634 1895 Ennii
648 1822 723 1918 quis
747 1823 856 1922 potest
876 1823 1059 1920 intelilgere
1080 1824 1114 1897 in
1136 1822 1237 1898 versu

277 1930 486 2028 significare,
505 1931 751 2004 Andromache
770 1955 896 2004 nomen
914 1933 973 2030 qui
994 1933 1136 2024 indidit,
1149 1934 1238 2007 recle

280 2040 426 2113 indidit?
442 2046 510 2112 Aut
523 2038 750 2122 Alexandrum
763 2038 805 2109 ab
819 2064 863 2111 eo
876 2040 1079 2134 appellatum
1094 2041 1128 2111 in
1142 2044 1239 2113 Grae·

280 2149 350 2235 cia,
364 2147 423 2244 qui
436 2148 527 2220 Paris
545 2146 681 2218 fuisset?
700 2153 731 2218 A
745 2170 817 2241 quo
832 2148 1011 2221 Herculem
1027 2173 1166 2245 quoque
1177 2175 1237 2223 co·

177 2307 182 2320 ·
278 2256 514 2356 gnominatum
527 2256 721 2344 ἀλεξίκακον,
734 2258 777 2329 ab
797 2282 861 2346 eo,
875 2255 970 2355 quod
981 2257 1138 2332 defensor
1156 2259 1236 2332 ellet

279 2367 469 2470 hominum.
483 2366 587 2462 Apud
604 2366 758 2454 Adiunr,
778 2366 915 2464 Jamque
933 2390 1086 2466 auroram
1102 2364 1239 2440 rutilare
1388 2459 1390 2464 ,

273 2476 404 2574 ¹procul
425 2499 540 2550 cerno.
563 2480 696 2549 Aurora
717 2473 840 2549 dicitur
857 2496 933 2549 ante
955 2476 1035 2548 solis
1048 2494 1181 2563 ortum,
1196 2476 1239 2548 ab

280 2611 344 2674 eu,
356 2586 450 2683 quod
460 2586 503 2658 ab
516 2586 592 2684 igue
604 2584 683 2659 solis
695 2603 768 2657 tum
780 2609 885 2659 aureo
898 2577 954 2658 a'er
967 2585 1117 2660 aurelcit.
1131 2584 1239 2678 Quod

129 2785 133 2796 Ι
280 2695 374 2770 addit
399 2696 576 2787 Rutilare,
599 2695 646 2768 est
665 2695 707 2768 ab
727 2693 848 2768 eodem
872 2695 1003 2767 colore.
1023 2696 1124 2767 Aurei
1148 2692 1239 2786 epinr

280 2803 409 2878 Rutili:
429 2805 466 2876 dt
483 2785 564 2887 idde
579 2803 680 2876 etiam
706 2802 862 2878 mulieres
885 2803 984 2876 valde
1009 2801 1092 2875 rufae
1115 2802 1240 2877 Rutilae

282 2914 391 2987 diua.
404 2912 504 3008 Apud
514 2910 737 3001 Terentium,
754 2914 950 3001 Scortarur,
965 2930 1079 3006 potat,
1092 2913 1163 2985 olet
1176 2931 1252 2984 un·‘

281 3042 443 3118 guentum
466 3019 507 3092 de
532 3013 811 3107 meo.'Scortari,
834 3018 881 3091 eil
903 3016 1021 3115 saepius
1046 3019 1240 3094 meretricu-

279 3133 350 3213 lam
364 3132 509 3214 ducere;
528 3153 605 3226 quae
619 3127 706 3200 diua
727 3152 745 3199 a
765 3127 863 3223 pelle.
882 3128 920 3200 td
934 3126 1023 3200 enim
1045 3151 1114 3200 non
1130 3125 1239 3199 solum
1367 3167 1400 3226 ‚-

281 3237 412 3334 antiqui
426 3235 583 3313 dicebant
605 3238 784 3325 Scortum,
801 3234 856 3309 led
880 3234 1072 3308 etiamnunc
1098 3232 1240 3307 dicimus

156 3359 161 3368 '
283 3351 423 3422 Scortea
433 3373 569 3445 eaquae
584 3372 627 3420 eu
643 3344 792 3420 corio&
807 3344 947 3440 pellibus
961 3345 1036 3419 sunt
1051 3345 1145 3416 frua.
1158 3341 1240 3416 inde

284 3457 322 3528 in
347 3457 478 3553 aliquot
502 3457 620 3534 sacreis
643 3484 682 3533 ac
708 3457 855 3532 sacelleis
874 3457 1031 3555 scripturn
1062 3453 1241 3545 habemus,

284 3561 338 3642 Ne
352 3567 432 3665 quid
445 3570 611 3642 scorteum
625 3567 838 3658 adhibeatur,
852 3568 931 3642 ideo
950 3591 994 3639 ne
1011 3562 1241 3638 morticinium

285 3678 370 3773 quid
382 3677 473 3751 adfit
487 3680 525 3750 ln
545 3677 726 3750 Atellaneis
746 3678 824 3752 licet
841 3677 1129 3762 animadvertere,
1142 3673 1241 3745 tulli·

287 3812 349 3863 cus
362 3786 471 3863 dicere
486 3784 519 3862 se
535 3784 701 3934 addurulle
719 3808 783 3884 pro
796 3784 910 3872 scorto
924 3766 1125 3907 pelliculam.
1139 3783 1241 3882 Apud
