2834 4567
342 333 890 451 ¹rnncucu‘rn.
1050 383 1118 476 ,n

631 539 650 580 8

161 700 164 707 ·
208 645 317 721 Libris
334 646 488 723 fatalibus
509 663 638 719 aetatem
661 644 808 721 hominis
829 648 1010 721 duodecim
1034 649 1120 723 heb·

162 757 362 851 domadibuc
373 757 539 846 describi,
560 761 672 828 Varro
683 776 1037 853 commemorat‚quae
1049 761 1119 831 duo

161 864 204 939 ad
225 864 335 938 decies
353 865 509 960 septenos
522 889 631 938 annos
654 865 762 960 posset
784 864 894 937 fatalia
907 868 1121 961 deprecando
1189 942 1192 947 ,

161 970 260 1043 rebus
283 971 410 1046 divinis
437 970 602 1066 proferric
623 969 665 1042 ab
694 993 786 1044 anno
806 991 915 1045 autem
936 973 1120 1069 oduagesr·

161 1103 228 1168 mo¹
246 1105 311 1153 nec
329 1078 488 1175 postulari
513 1080 656 1169 debere,
677 1102 740 1152 nec
764 1078 856 1175 posse
882 1080 924 1152 ab
955 1079 1033 1153 Diis
1053 1081 1120 1153 im·
1201 1124 1206 1137 ι

162 1188 297 1282 petrari.
317 1189 479 1263 Ceterum
499 1187 574 1283 post
594 1210 701 1259 annos
719 1188 892 1284 odioginta
914 1208 1083 1283 quatuor,
1101 1213 1122 1262 a

162 1315 275 1370 mente
290 1296 346 1371 sua
358 1296 515 1373 homines
528 1296 639 1388 abire,
653 1320 764 1395 neque
777 1297 830 1371 his
842 1294 916 1371 sieri
933 1298 1099 1397 prodigia.

630 1406 649 1448 ὃ

223 1470 261 1582 in
287 1512 404 1587 Tuscis
429 1513 596 1606 historiis,
613 1484 690 1611 ciuae
718 1516 843 1589 ottavo
866 1537 984 1589 eorum
1009 1513 1122 1591 seculo

163 1617 292 1714 scriprae
317 1621 413 1710 sunt,
436 1641 473 1693 ut
492 1628 603 1695 Varro
625 1622 784 1709 testatur,
808 1625 845 1695 &
870 1642 956 1716 quot
977 1648 1121 1700 numero
1225 1660 1228 1665 ’

55 1754 57 1758 ·
164 1727 272 1803 secula
297 1729 450 1828 cigenti
475 1732 553 1804 data
574 1731 657 1821 fint,
678 1726 717 1802 &
742 1728 979 1803 transactorum
999 1730 1122 1829 fingula

165 1856 295 1936 quanta
313 1839 460 1930 fuerint,
472 1841 638 1937 quibusve
654 1840 793 1914 ostentis
806 1862 928 1912 eorum
941 1839 1051 1914 exitus
1063 1843 1122 1914 de·

162 1946 282 2047 signari
302 1946 388 2039 sunt,
408 1949 612 2023 continetur.

638 2060 658 2102 ἱ

212 2165 300 2239 Fieri
312 2164 440 2263 potest
452 2165 548 2264 quod
572 2164 675 2241 refert
693 2168 806 2239 Varro
814 2169 1002 2268 ,quodque
1017 2168 1123 2244 Dios·

167 2277 302 2353 corides
322 2279 511 2381 astrologus
529 2277 675 2375 scripsit.
699 2279 945 2355 Alexandriae‘
935 2302 1022 2355 rnter
1043 2304 1124 2370 eos,

166 2392 225 2492 qui
248 2410 404 2465 mortuos
431 2389 542 2461 solent
562 2389 787 2481 conservare,
813 2391 985 2482 constare,
1008 2393 1124 2468 honri·

167 2530 244 2578 nent
268 2505 342 2599 pius
367 2522 502 2579 centurn
527 2500 623 2575 annis
647 2502 769 2585 uivere
788 2527 861 2577 non
881 2505 983 2628 posse
1010 2507 1047 2579 ld
1064 2534 1126 2583 cor

166 2614 346 2686 humanum
368 2612 534 2686 declarare
554 2635 696 2701 eornm,
721 2611 780 2708 qui
806 2612 928 2709 integri
952 2615 1125 2709 perierunt

17 2782 18 2821 ᾗ
140 2796 144 2817 ,
169 2721 237 2797 sine
257 2721 412 2818 corporis
432 2719 527 2792 taber
546 2742 590 2793 eo
613 2719 761 2815 quodid
782 2718 895 2793 multis
921 2723 1018 2796 annis
1042 2750 1125 2821 pen·

18 2904 19 2919 ,
170 2830 283 2917 dendo
315 2829 428 2904 omnis
455 2828 561 2902 aetaris
586 2829 791 2902 incrementa
822 2828 1127 2907 &diminutiones

18 3002 19 3011 ,
170 2940 364 3015 observant:
383 2934 589 3013 &anniculi
608 2935 753 3029 pendere
769 2936 850 3008 duas
863 2937 1051 3027 drachman
1073 2942 1126 3013 bi·

18 3088 19 3099 *
171 3051 229 3139 ni,
241 3067 409 3146 quatuor;
426 3050 464 3120 δι
479 3047 523 3120 fic
539 3072 646 3122 annos
663 3047 832 3145 fingulos,
851 3048 1008 3145 usquead
1025 3050 1127 3147 quino
1151 3098 1156 3101 -
1265 3048 1277 3067 ⁴

171 3158 352 3259 quaginta,
369 3159 525 3235 accedere
544 3156 658 3244 binas;
669 3157 712 3229 ab
731 3157 772 3229 iis
789 3175 922 3229 centum
944 3156 1127 3258 drachmis,

171 3290 272 3367 atque
288 3290 380 3340 anno
401 3267 679 3367 quinquagefimo
695 3267 775 3338 item
794 3262 958 3335 discedere
977 3264 1012 3336 in
1040 3290 1126 3357 uno·

172 3400 311 3475 quoque
334 3375 438 3449 binas.
457 3378 509 3447 Ex
532 3400 604 3473 quo
627 3372 836 3469 perspicuum
862 3368 921 3462 fit,
946 3376 1127 3449 centesimo

173 3507 267 3558 anno
289 3484 399 3557 redire
427 3486 469 3557 ad
494 3483 574 3554 anni
599 3479 699 3575 prinu
689 3480 877 3577 pondus,
901 3506 966 3556 nec
993 3483 1128 3584 longius

177 3592 282 3667 viram
300 3591 392 3687 posse
410 3588 565 3688 produci.
586 3592 683 3661 Idem.

226 3812 338 3897 Varro
355 3792 420 3882 tria
442 3805 630 3883 discrimina
646 3826 838 3903 temporum
853 3802 919 3878 esse
936 3805 1048 3882 tradit:
1062 3807 1129 3907 pri·

160 3920 167 3929 ’
248 3920 298 3995 Μ.
321 3924 358 3996 T.
386 3927 497 3996 Varro.
793 3988 797 3996 ,
858 3922 918 3991 Aa
