2834 4567
280 333 346 408 128
612 281 1002 405 NOTAE⁴

273 496 374 554 riantnr
391 492 449 554 dies
468 493 505 553 ad
523 490 606 554 ststos
625 493 788 567 ejusnoluit
805 507 919 570 aptare,
933 490 981 551 sed
1000 491 1091 570 potius
1107 507 1163 554 tern
1206 513 1236 556 ta

273 574 411 636 consulum
421 576 453 635 δι
468 575 557 636 liberae
573 575 726 655 reipublice
746 576 862 645 secutus,
882 573 994 632 Vinalia
1006 573 1102 646 rejecit
1118 577 1145 633 in
1179 579 1234 636 iem

273 654 330 717 ΧΗ
339 655 351 715 l
360 677 395 715 an
406 655 461 737 ipse
474 655 576 738 scripsit
586 656 730 716 antediem
742 654 864 726 XM&
877 654 994 725 librarii,
1009 672 1135 714 notarum
1156 659 1233 734 igno·

271 738 375 797 tatione
397 737 520 818 decepti,
537 737 659 797 fecerunt
686 754 750 796 ante
778 736 852 795 diem
873 734 937 796 ΧΗ.
962 735 1032 795 Sene
1058 737 1110 795 hoc
1130 740 1234 797 evincit
1314 789 1317 794 .

271 818 363 888 locus,
382 820 436 899 qui,
454 816 522 878 insta
543 817 582 878 esi
599 818 634 878 de
647 816 849 887 Saturnalibus,
863 835 944 895 uptus
959 817 994 874 ad
1007 814 1088 876 sosius
1105 815 1232 892 Caesaris,

271 900 303 959 ὃ(
318 913 474 979 tempotum
491 893 569 961 ratio.
584 896 658 958 Nam
674 897 766 959 Caesar
780 896 901 977 pontifex
918 900 1055 956 maximus
1069 897 1118 956 suo
1134 897 1186 969 lll,
1197 900 1231 958 ἃ

270 978 313 1039 Μ.
332 980 433 1041 AEmilii
457 980 553 1061 Lepidi
578 979 717 1042 consulatu
735 999 837 1038 annum
854 976 1014 1038 emundavit
1034 978 1070 1037 ad
1085 978 1145 1038 solis
1165 999 1231 1039 cur-

180 1079 183 1102 ¹
270 1058 348 1131 sum„
363 1062 392 1121 Gt
405 1060 520 1141 sequens
540 1081 627 1120 annus
646 1059 693 1120 suit
750 1062 819 1119 imus
836 1079 923 1118 aniius
943 1055 1082 1131 Julianus,
1102 1081 1158 1141 quo
1174 1059 1229 1141 ipse

269 1139 310 1201 lv
332 1141 424 1201 consul
442 1162 506 1201 cum
524 1140 568 1220 Q.
583 1141 671 1202 Fabio
691 1081 839 1203 uliximoz
856 1140 945 1200 Varro
961 1159 1054 1199 autern
1072 1141 1123 1199 hos
1140 1141 1226 1202 libros

268 1222 354 1283 edidit
373 1222 502 1282 alterutro
521 1221 631 1282 istorum
648 1242 740 1283 anno:
758 1221 785 1281 id
800 1220 877 1302 quud
899 1220 1000 1279 indicat
1015 1221 1096 1280 locus
1118 1222 1164 1281 lib.
1181 1222 1228 1285 lv

268 1303 304 1363 de
323 1302 442 1364 Curnelo
463 1304 563 1376 arduli,
578 1324 660 1384 quam
677 1302 770 1364 Caesar
788 1305 893 1382 primus
910 1299 1009 1361 Rotnae
1027 1303 1148 1361 exhibuit
1165 1303 1229 1364 (ir-

267 1382 390 1443 censibus
404 1322 474 1442 lueiic
489 1401 612 1444 extremo
627 1404 702 1443 anno
717 1383 754 1442 sui
775 1385 846 1444 tertii
863 1381 1034 1456 consultum
1052 1397 1110 1441 tum
1135 1383 1226 1443 inscri-

287 1466 326 1523 tio
342 1464 472 1524 librorum
482 1464 519 1524 ad
532 1463 575 1525 M.
588 1463 766 1535 Marcellum,
782 1483 864 1542 quent
881 1460 987 1522 constat
1002 1462 1171 1525 innuunt
1187 1466 1225 1525 ad

265 1485 308 1606 ln
324 1543 386 1605 Kal.
406 1545 469 1621 Jnn.
489 1543 597 1608 Caesare
610 1545 676 1619 Ν,
693 1544 736 1624 Q.
752 1545 840 1606 Fabio
857 1543 940 1605 Coss.
957 1542 1086 1607 Potttn.
1284 1595 1288 1603 .

170 1654 174 1660 ·
306 1626 353 1687 lin.
369 1648 394 1708 ς.
408 1628 480 1688 Ante
497 1629 564 1688 dien
577 1628 778 1706 duodecimum]
793 1626 1056 1705 Quattundecinutn,
1073 1646 1108 1686 ex
1125 1624 1224 1688 Fastis.

265 1709 455 1771 Auous‘rru.
617 1715 620 1720 ‘

303 1789 354 1862 lin.
380 1791 409 1852 6.
428 1790 536 1851 Eueni
561 1788 620 1871 ejus
636 1788 722 1850 tutele
742 1789 943 1869 adsignatae]
972 1785 1091 1848 Venetis
1111 1789 1223 1850 tutelam

264 1869 360 1931 hortos
377 1870 464 1943 fuisse,
475 1871 607 1934 admonet
621 1870 694 1930 idem
705 1870 775 1928 &in
792 1889 803 1927 1
822 1869 857 1928 de
871 1867 913 1928 Re
923 1865 1029 1929 rullica.
1041 1868 1115 1941 Item,
1124 1872 1222 1950 inquit,

264 1955 416 2012 advenerer·
429 1954 596 2024 Minoum,
617 1953 643 2012 (e
672 1951 812 2010 Venerem:
832 1945 947 2028 'quarunt
975 1954 1056 2024 unirer
1074 1953 1221 2027 procuratio

263 2032 372 2103 oliveti,
388 2032 515 2105 alterius,
531 2035 672 2092 uerterunt:
686 2051 737 2109 quo
761 2030 862 2089 nomine
873 2031 967 2118 suffita
985 2031 1098 2098 Vinalia
1117 2034 1220 2108 institu-

262 2129 300 2178 ta.
315 2112 434 2173 Plinius:
455 2113 487 2171 In
506 2111 615 2173 rentedt'o
631 2112 857 2192 Satyrieufigna,
877 2132 1031 2190 quemquam
1048 2112 1135 2190 honos
1152 2129 1217 2172 tutt-

262 2194 295 2250 leu
314 2192 423 2251 Veneris
447 2191 589 2272 affignante
606 2192 717 2252 Plauto.
737 2190 826 2269 Quod
844 2191 888 2251 hic
913 2190 1012 2256 Plinius
1032 2190 1155 2254 Plautum
1175 2194 1220 2252 di·

260 2271 327 2332 xilse
345 2275 397 2346 air,
409 2274 484 2334 idem
501 2274 532 2335 δι
547 2271 663 2335 Naeviut
677 2293 789 2354 quoque
804 2273 913 2344 voluit,
929 2294 992 2332 curn
1017 2273 1097 2333 dicit:
1118 2276 1219 2353 coquos

176 2357 181 2368 '
261 2354 316 2412 edit
339 2356 508 2435 Neptunum,
532 2358 670 2429 Venerem,
685 2358 802 2416 Cererem.
822 2352 872 2412 Per
893 2351 1053 2432 Neptunum
1072 2353 1218 2433 piscolento

260 2433 405 2516 intelligit,
427 2455 477 2514 per
491 2434 628 2501 Cererem
654 2456 780 2516 punem,
837 2456 849 2491 r
877 2435 1019 2496 Venerem
1042 2435 1125 2495 olera.
1147 2433 1216 2495 Non

259 2516 338 2597 igitur
353 2515 462 2578 difficile
477 2516 515 2578 est
540 2517 697 2592 conjicere,
713 2538 761 2577 cur
811 2518 957 2594 enippeam
975 2513 1050 2575 sunm
1070 2515 1163 2579 Varro
1175 2520 1216 2578 in·

243 2595 409 2677 ·scripsorit,
425 2599 537 2659 Vinalia
560 2599 624 2679 περὶ
639 2596 815 2679 infelicior.
830 2595 962 2658 Seruio.
1336 2599 1339 2605 ’

298 2678 344 2739 lin.
364 2682 407 2741 16.
422 2681 452 2742 Is
465 2701 521 2742 cunt
537 2698 590 2752 eut,
616 2678 832 2761 uffibuluensroud
844 2678 954 2738 habeat:
962 2676 1128 2755 scripturnid
1135 2680 1212 2760 &c.]

258 2756 297 2819 Le
316 2780 348 2821 e:
366 2763 464 2822 Iseum
479 2779 533 2831 ent,
544 2763 579 2841 stt
607 2761 693 2819 bulum
706 2765 776 2839 quod
789 2761 883 2819 lrabeat
888 2758 1031 2837 scripturn:
1047 2763 1077 2819 id
1091 2761 1186 2820 dicitur
1196 2784 1215 2819 a

251 2842 286 2917 su
344 2841 395 2915 elo,
412 2857 441 2898 ut
453 2841 654 2921 fiebligueulunt.
673 2842 791 2903 Videtur
812 2843 885 2900 enim
902 2840 944 2900 lex
965 2838 1062 2914 fuisse,
1085 2842 1115 2901 δι
1136 2842 1164 2898 in
1179 2862 1214 2902 ea

257 2915 386 3002 scriptum
396 2944 403 2982 :
413 2921 456 2980 Eo
471 2921 725 3003 praerersacerdotem
735 2922 864 3000 poblicum
879 2943 912 2979 ne
925 2921 1090 2981 introeunto:
1103 2923 1213 3001 isquott

255 3002 355 3077 intret,
373 3002 532 3084 subfibulutn
561 3003 661 3064 habeto.
687 3001 733 3061 Est
755 3020 846 3061 autem
868 3000 958 3076 ordo,
981 3007 1052 3081 quod
1070 3005 1213 3084 scriptum,

256 3082 411 3166 Strffibulurn
426 3085 536 3147 habent:
554 3085 583 3145 id
598 3084 701 3150 dicitur,
718 3082 767 3142 sec.
787 3080 951 3164 Suffibulnn
969 3104 986 3143 a
1003 3081 1145 3144 suffiendo.
1161 3083 1213 3145 Fe·

254 3161 311 3222 ssus
321 3166 358 3224 ita
371 3165 474 3227 dislum
484 3164 662 3247 putat,quod
678 3162 760 3226 liliola
774 3164 1057 3245 comprehenderetur.
1072 3164 1128 3225 Sed
1137 3164 1211 3226 Var-

254 3264 287 3302 ro
305 3266 383 3305 more
399 3246 446 3307 suo
460 3249 540 3308 noxie
557 3245 665 3328 etymol
704 3247 743 3304 ias
757 3245 978 3305 comminiscitur.
993 3244 1103 3305 Sciebat
1116 3247 1210 3318 enirn,

188 3361 193 3374 -
254 3325 380 3386 Vestales
395 3329 515 3388 maxime
537 3331 662 3388 omniunt
696 3326 854 3388 acerdotum
875 3327 1047 3406 publicorum
1064 3321 1210 3388 lirffitio'ni·

253 3406 306 3468 bus
331 3408 380 3466 uti.
400 3405 549 3488 inquibus
569 3425 624 3469 erut
649 3411 830 3490 precipuum,
851 3408 926 3488 quod
952 3408 1094 3468 vocabant
1110 3405 1211 3486 Eresos

273 3487 329 3550 uod
345 3504 403 3550 erat
425 3507 511 3570 genus
524 3488 690 3556 srrffirionisa
702 3488 859 3551 Vestalibus
883 3491 983 3568 patrari
999 3488 1091 3549 solitae.
1107 3488 1210 3550 Fabius

252 3506 341 3631 iiiior
353 3569 426 3650 apud
439 3568 583 3645 Nonium,
598 3573 644 3631 ubi
654 3577 741 3653 agitur
756 3570 791 3632 cle
805 3573 918 3631 nomine
927 3571 983 3651 fiel,
998 3571 1096 3648 Exfit,
1112 3571 1208 3650 inquit,

252 3652 287 3739 est
294 3651 353 3730 sale
361 3651 516 3730 firrdidutn,
535 3657 605 3731 quod
619 3655 698 3734 ustum
711 3654 759 3733 est,
773 3653 801 3712 se
815 3655 843 3712 in
857 3651 939 3711 ollem
954 3654 1038 3710 rudem
1045 3650 1158 3732 fritilent
1165 3651 1210 3709 ob·

247 3738 341 3808 Jetlurn
359 3733 401 3813 ess.
424 3733 517 3814 Postea
538 3733 568 3791 id
581 3732 629 3811 sal
646 3736 761 3815 uirgines
786 3733 901 3815 Vesleles
917 3730 1091 3811 [cerastem
1108 3732 1208 3812 secant.

251 3812 327 3886 Male
338 3815 412 3877 enitn
429 3815 512 3878 lrodie
527 3813 600 3897 apud
616 3812 743 3882 Nouium
759 3813 856 3897 legitur
871 3813 973 3894 Tesfit,
987 3833 1038 3896 pro
1051 3814 1142 3892 Exfie.
1157 3812 1209 3874 Fe·
