<?xml version="1.0" encoding="UTF-8"?>
<!DOCTYPE html PUBLIC "-//W3C//DTD XHTML 1.0 Transitional//EN"
    "http://www.w3.org/TR/xhtml1/DTD/xhtml1-transitional.dtd">
<html xmlns="http://www.w3.org/1999/xhtml" xml:lang="en" lang="en">
 <head>
  <title>
</title>
<meta http-equiv="Content-Type" content="text/html;charset=utf-8" />
  <meta name='ocr-system' content='tesseract 3.04.00' />
  <meta name='ocr-capabilities' content='ocr_page ocr_carea ocr_par ocr_line ocrx_word'/>
</head>
<body>
  <div class='ocr_page' id='page_1' title='image "./mtervarronisdel00bipogoog/mtervarronisdel00bipogoog_0150.png"; bbox 0 0 2834 4567; ppageno 0'>
   <div class='ocr_carea' id='block_1_1' title="bbox 255 347 1017 458">
    <p class='ocr_par' dir='ltr' id='par_1_1' title="bbox 255 347 1017 458">
     <span class='ocr_line' id='line_1_1' title="bbox 255 347 1017 458; baseline 0.001 -30"><span class='ocrx_word' id='word_1_1' title='bbox 255 351 327 428; x_wconf 81' lang='lat'>&#39;106</span> <span class='ocrx_word' id='word_1_2' title='bbox 459 350 509 422; x_wconf 81' lang='lat' dir='ltr'>M</span> <span class='ocrx_word' id='word_1_3' title='bbox 534 347 752 458; x_wconf 74' lang='lat' dir='ltr'><strong>TERENTII</strong></span> <span class='ocrx_word' id='word_1_4' title='bbox 776 351 1017 429; x_wconf 81' lang='lat' dir='ltr'>VARRONIS</span> 
     </span>
    </p>
   </div>
   <div class='ocr_carea' id='block_1_2' title="bbox 256 508 1228 1051">
    <p class='ocr_par' dir='ltr' id='par_1_2' title="bbox 256 508 1228 1051">
     <span class='ocr_line' id='line_1_2' title="bbox 256 508 1226 616; baseline 0.01 -32"><span class='ocrx_word' id='word_1_5' title='bbox 256 511 362 608; x_wconf 78' lang='lat' dir='ltr'>Igitur</span> <span class='ocrx_word' id='word_1_6' title='bbox 379 508 464 592; x_wconf 79' lang='lat' dir='ltr'>&amp;in</span> <span class='ocrx_word' id='word_1_7' title='bbox 478 510 552 587; x_wconf 83' lang='lat' dir='ltr'>heis</span> <span class='ocrx_word' id='word_1_8' title='bbox 566 511 687 602; x_wconf 84' lang='lat' dir='ltr'>rebus,</span> <span class='ocrx_word' id='word_1_9' title='bbox 705 537 856 611; x_wconf 85' lang='lat' dir='ltr'>quorum</span> <span class='ocrx_word' id='word_1_10' title='bbox 867 514 943 589; x_wconf 92' lang='lat' dir='ltr'>sunt</span> <span class='ocrx_word' id='word_1_11' title='bbox 954 513 1114 608; x_wconf 81' lang='lat' dir='ltr'>nomina,</span> <span class='ocrx_word' id='word_1_12' title='bbox 1127 519 1226 616; x_wconf 82' lang='lat' dir='ltr'>quod</span> 
     </span>
     <span class='ocr_line' id='line_1_3' title="bbox 256 619 1227 723; baseline 0.01 -30"><span class='ocrx_word' id='word_1_13' title='bbox 256 619 450 695; x_wconf 81' lang='lat' dir='ltr'>discrimina</span> <span class='ocrx_word' id='word_1_14' title='bbox 470 621 572 695; x_wconf 81' lang='lat' dir='ltr'>vocis</span> <span class='ocrx_word' id='word_1_15' title='bbox 594 622 713 719; x_wconf 85' lang='lat' dir='ltr'>plura,</span> <span class='ocrx_word' id='word_1_16' title='bbox 730 624 936 722; x_wconf 80' lang='lat' dir='ltr'>propagines</span> <span class='ocrx_word' id='word_1_17' title='bbox 957 627 1080 723; x_wconf 85' lang='lat' dir='ltr'>plures.</span> <span class='ocrx_word' id='word_1_18' title='bbox 1103 632 1141 701; x_wconf 83' lang='lat' dir='ltr'>ln</span> <span class='ocrx_word' id='word_1_19' title='bbox 1154 628 1227 703; x_wconf 83' lang='lat' dir='ltr'>heis</span> 
     </span>
     <span class='ocr_line' id='line_1_4' title="bbox 256 730 1228 834; baseline 0.009 -30"><span class='ocrx_word' id='word_1_20' title='bbox 256 731 356 804; x_wconf 86' lang='lat' dir='ltr'>rebus</span> <span class='ocrx_word' id='word_1_21' title='bbox 374 755 452 829; x_wconf 77' lang='lat' dir='ltr'>quae</span> <span class='ocrx_word' id='word_1_22' title='bbox 470 731 606 828; x_wconf 84' lang='lat' dir='ltr'>copulae</span> <span class='ocrx_word' id='word_1_23' title='bbox 625 730 723 823; x_wconf 88' lang='lat' dir='ltr'>sunt,</span> <span class='ocrx_word' id='word_1_24' title='bbox 740 757 780 808; x_wconf 83' lang='lat' dir='ltr'>ac</span> <span class='ocrx_word' id='word_1_25' title='bbox 803 732 904 820; x_wconf 73' lang='lat' dir='ltr'>heis</span> <span class='ocrx_word' id='word_1_26' title='bbox 893 755 1082 834; x_wconf 70' lang='lat' dir='ltr'>junguntur</span> <span class='ocrx_word' id='word_1_27' title='bbox 1100 739 1228 830; x_wconf 79' lang='lat' dir='ltr'>verba,</span> 
     </span>
     <span class='ocr_line' id='line_1_5' title="bbox 256 839 1228 948; baseline 0.008 -37"><span class='ocrx_word' id='word_1_28' title='bbox 256 839 353 935; x_wconf 91' lang='lat' dir='ltr'>quod</span> <span class='ocrx_word' id='word_1_29' title='bbox 372 864 445 914; x_wconf 91' lang='lat' dir='ltr'>non</span> <span class='ocrx_word' id='word_1_30' title='bbox 463 863 553 939; x_wconf 87' lang='lat' dir='ltr'>opus</span> <span class='ocrx_word' id='word_1_31' title='bbox 573 840 638 918; x_wconf 85' lang='lat' dir='ltr'>fuit</span> <span class='ocrx_word' id='word_1_32' title='bbox 659 839 850 916; x_wconf 82' lang='lat' dir='ltr'>declinari</span> <span class='ocrx_word' id='word_1_33' title='bbox 839 867 877 917; x_wconf 89' lang='lat' dir='ltr'>rn</span> <span class='ocrx_word' id='word_1_34' title='bbox 893 842 1012 942; x_wconf 85' lang='lat' dir='ltr'>plura,</span> <span class='ocrx_word' id='word_1_35' title='bbox 1030 844 1099 922; x_wconf 86' lang='lat' dir='ltr'>fere</span> <span class='ocrx_word' id='word_1_36' title='bbox 1117 847 1228 948; x_wconf 82' lang='lat' dir='ltr'>singu·</span> 
     </span>
     <span class='ocr_line' id='line_1_6' title="bbox 257 947 1228 1051; baseline 0.013 -32"><span class='ocrx_word' id='word_1_37' title='bbox 257 948 289 1019; x_wconf 78' lang='lat' dir='ltr'>la</span> <span class='ocrx_word' id='word_1_38' title='bbox 312 947 399 1024; x_wconf 88' lang='lat' dir='ltr'>sunt</span> <span class='ocrx_word' id='word_1_39' title='bbox 413 952 498 1025; x_wconf 91' lang='lat' dir='ltr'>Uno</span> <span class='ocrx_word' id='word_1_40' title='bbox 516 949 609 1028; x_wconf 82' lang='lat' dir='ltr'>eninr</span> <span class='ocrx_word' id='word_1_41' title='bbox 632 948 715 1027; x_wconf 88' lang='lat' dir='ltr'>loro</span> <span class='ocrx_word' id='word_1_42' title='bbox 736 952 897 1051; x_wconf 83' lang='lat' dir='ltr'>colligare</span> <span class='ocrx_word' id='word_1_43' title='bbox 914 953 1015 1050; x_wconf 80' lang='lat' dir='ltr'>possis</span> <span class='ocrx_word' id='word_1_44' title='bbox 1035 956 1094 1030; x_wconf 88' lang='lat' dir='ltr'>vel</span> <span class='ocrx_word' id='word_1_45' title='bbox 1113 955 1228 1031; x_wconf 87' lang='lat' dir='ltr'>homi·</span> 
     </span>
    </p>
   </div>
   <div class='ocr_carea' id='block_1_3' title="bbox 106 1059 1229 1713">
    <p class='ocr_par' dir='ltr' id='par_1_3' title="bbox 106 1059 1229 1713">
     <span class='ocr_line' id='line_1_7' title="bbox 259 1059 1228 1161; baseline 0.012 -33"><span class='ocrx_word' id='word_1_46' title='bbox 259 1081 358 1150; x_wconf 86' lang='lat' dir='ltr'>nem,</span> <span class='ocrx_word' id='word_1_47' title='bbox 376 1060 434 1133; x_wconf 87' lang='lat' dir='ltr'>vel</span> <span class='ocrx_word' id='word_1_48' title='bbox 453 1083 605 1157; x_wconf 84' lang='lat' dir='ltr'>equum,</span> <span class='ocrx_word' id='word_1_49' title='bbox 629 1059 686 1134; x_wconf 85' lang='lat' dir='ltr'>vei</span> <span class='ocrx_word' id='word_1_50' title='bbox 712 1060 804 1134; x_wconf 83' lang='lat' dir='ltr'>aliud</span> <span class='ocrx_word' id='word_1_51' title='bbox 829 1063 944 1160; x_wconf 86' lang='lat' dir='ltr'>quod,</span> <span class='ocrx_word' id='word_1_52' title='bbox 966 1063 1133 1161; x_wconf 88' lang='lat' dir='ltr'>quidquid</span> <span class='ocrx_word' id='word_1_53' title='bbox 1155 1064 1228 1156; x_wconf 86' lang='lat' dir='ltr'>est,</span> 
     </span>
     <span class='ocr_line' id='line_1_8' title="bbox 255 1168 1228 1272; baseline 0.013 -35"><span class='ocrx_word' id='word_1_54' title='bbox 255 1169 351 1262; x_wconf 92' lang='lat' dir='ltr'>quod</span> <span class='ocrx_word' id='word_1_55' title='bbox 368 1192 446 1242; x_wconf 89' lang='lat' dir='ltr'>curu</span> <span class='ocrx_word' id='word_1_56' title='bbox 463 1168 572 1242; x_wconf 82' lang='lat' dir='ltr'>altero</span> <span class='ocrx_word' id='word_1_57' title='bbox 592 1168 703 1267; x_wconf 81' lang='lat' dir='ltr'>potest</span> <span class='ocrx_word' id='word_1_58' title='bbox 719 1170 885 1269; x_wconf 82' lang='lat' dir='ltr'>colligari.</span> <span class='ocrx_word' id='word_1_59' title='bbox 900 1172 956 1248; x_wconf 89' lang='lat' dir='ltr'>Sic</span> <span class='ocrx_word' id='word_1_60' title='bbox 974 1173 1069 1272; x_wconf 90' lang='lat' dir='ltr'>quod</span> <span class='ocrx_word' id='word_1_61' title='bbox 1084 1174 1228 1250; x_wconf 84' lang='lat' dir='ltr'>dicimus</span> 
     </span>
     <span class='ocr_line' id='line_1_9' title="bbox 257 1270 1229 1378; baseline 0.008 -31"><span class='ocrx_word' id='word_1_62' title='bbox 257 1275 292 1348; x_wconf 90' lang='lat' dir='ltr'>in</span> <span class='ocrx_word' id='word_1_63' title='bbox 321 1278 519 1378; x_wconf 86' lang='lat' dir='ltr'>loquendo,</span> <span class='ocrx_word' id='word_1_64' title='bbox 547 1271 627 1354; x_wconf 90' lang='lat' dir='ltr'>Con</span> <span class='ocrx_word' id='word_1_65' title='bbox 631 1281 680 1355; x_wconf 87' lang='lat' dir='ltr'>sul</span> <span class='ocrx_word' id='word_1_66' title='bbox 708 1280 775 1356; x_wconf 86' lang='lat' dir='ltr'>fuit</span> <span class='ocrx_word' id='word_1_67' title='bbox 803 1283 941 1357; x_wconf 82' lang='lat' dir='ltr'>Tullius</span> <span class='ocrx_word' id='word_1_68' title='bbox 972 1285 1011 1359; x_wconf 75' lang='grc' dir='ltr'>δι</span> <span class='ocrx_word' id='word_1_69' title='bbox 1037 1270 1229 1357; x_wconf 83' lang='lat' dir='ltr'>Antonius.</span> 
     </span>
     <span class='ocr_line' id='line_1_10' title="bbox 124 1385 1229 1492; baseline 0.013 -41"><span class='ocrx_word' id='word_1_70' title='bbox 124 1441 128 1451; x_wconf 91' lang='lat'><em>.</em></span> <span class='ocrx_word' id='word_1_71' title='bbox 257 1385 379 1461; x_wconf 83' lang='lat' dir='ltr'>eodem</span> <span class='ocrx_word' id='word_1_72' title='bbox 394 1388 458 1463; x_wconf 90' lang='lat' dir='ltr'>illo</span> <span class='ocrx_word' id='word_1_73' title='bbox 476 1394 514 1468; x_wconf 80' lang='grc' dir='ltr'>δι</span> <span class='ocrx_word' id='word_1_74' title='bbox 528 1389 661 1465; x_wconf 81' lang='lat' dir='ltr'>omneis</span> <span class='ocrx_word' id='word_1_75' title='bbox 675 1390 779 1467; x_wconf 85' lang='lat' dir='ltr'>binos</span> <span class='ocrx_word' id='word_1_76' title='bbox 796 1393 952 1469; x_wconf 88' lang='lat' dir='ltr'>consules</span> <span class='ocrx_word' id='word_1_77' title='bbox 970 1393 1131 1492; x_wconf 81' lang='lat' dir='ltr'>colligare</span> <span class='ocrx_word' id='word_1_78' title='bbox 1148 1392 1229 1489; x_wconf 89' lang='lat' dir='ltr'>pos·</span> 
     </span>
     <span class='ocr_line' id='line_1_11' title="bbox 259 1496 1229 1601; baseline 0.008 -32"><span class='ocrx_word' id='word_1_79' title='bbox 259 1496 382 1574; x_wconf 80' lang='lat' dir='ltr'>furnus.</span> <span class='ocrx_word' id='word_1_80' title='bbox 403 1502 469 1577; x_wconf 81' lang='lat' dir='ltr'>Vel</span> <span class='ocrx_word' id='word_1_81' title='bbox 489 1500 601 1578; x_wconf 86' lang='lat' dir='ltr'>dicam</span> <span class='ocrx_word' id='word_1_82' title='bbox 615 1501 783 1599; x_wconf 79' lang='lat' dir='ltr'>amplius,</span> <span class='ocrx_word' id='word_1_83' title='bbox 806 1504 923 1578; x_wconf 85' lang='lat' dir='ltr'>ornnia</span> <span class='ocrx_word' id='word_1_84' title='bbox 945 1504 1087 1580; x_wconf 84' lang='lat' dir='ltr'>nomina</span> <span class='ocrx_word' id='word_1_85' title='bbox 1094 1525 1229 1601; x_wconf 85' lang='lat' dir='ltr'>,arque</span> 
     </span>
     <span class='ocr_line' id='line_1_12' title="bbox 106 1606 1229 1713; baseline 0.006 -34"><span class='ocrx_word' id='word_1_86' title='bbox 106 1623 110 1632; x_wconf 87' lang='lat'><strong><em>‘</em></strong></span> <span class='ocrx_word' id='word_1_87' title='bbox 257 1606 338 1681; x_wconf 87' lang='lat' dir='ltr'>ideo</span> <span class='ocrx_word' id='word_1_88' title='bbox 357 1609 459 1685; x_wconf 83' lang='lat' dir='ltr'>etiam</span> <span class='ocrx_word' id='word_1_89' title='bbox 477 1612 595 1686; x_wconf 77' lang='lat' dir='ltr'>omnia</span> <span class='ocrx_word' id='word_1_90' title='bbox 611 1613 737 1704; x_wconf 81' lang='lat' dir='ltr'>verba3</span> <span class='ocrx_word' id='word_1_91' title='bbox 760 1611 857 1713; x_wconf 87' lang='lat' dir='ltr'>(curn</span> <span class='ocrx_word' id='word_1_92' title='bbox 878 1612 967 1687; x_wconf 89' lang='lat' dir='ltr'>siunt</span> <span class='ocrx_word' id='word_1_93' title='bbox 989 1634 1072 1689; x_wconf 86' lang='lat' dir='ltr'>tunc</span> <span class='ocrx_word' id='word_1_94' title='bbox 1094 1639 1138 1689; x_wconf 80' lang='lat' dir='ltr'>ex</span> <span class='ocrx_word' id='word_1_95' title='bbox 1160 1638 1229 1686; x_wconf 83' lang='lat' dir='ltr'>una</span> 
     </span>
    </p>
   </div>
   <div class='ocr_carea' id='block_1_4' title="bbox 171 1719 1229 1929">
    <p class='ocr_par' dir='ltr' id='par_1_4' title="bbox 171 1719 1229 1929">
     <span class='ocr_line' id='line_1_13' title="bbox 258 1719 1229 1824; baseline 0.005 -32"><span class='ocrx_word' id='word_1_96' title='bbox 258 1719 407 1821; x_wconf 83' lang='lat' dir='ltr'>syllaba,</span> <span class='ocrx_word' id='word_1_97' title='bbox 427 1722 511 1799; x_wconf 82' lang='lat' dir='ltr'>illud</span> <span class='ocrx_word' id='word_1_98' title='bbox 531 1723 576 1800; x_wconf 88' lang='lat'>&amp;</span> <span class='ocrx_word' id='word_1_99' title='bbox 590 1743 725 1800; x_wconf 85' lang='lat' dir='ltr'>maneat</span> <span class='ocrx_word' id='word_1_100' title='bbox 745 1723 890 1824; x_wconf 88' lang='lat' dir='ltr'>unum.)</span> <span class='ocrx_word' id='word_1_101' title='bbox 914 1727 1034 1819; x_wconf 83' lang='lat' dir='ltr'>Quare</span> <span class='ocrx_word' id='word_1_102' title='bbox 1054 1723 1141 1798; x_wconf 91' lang='lat' dir='ltr'>ducc</span> <span class='ocrx_word' id='word_1_103' title='bbox 1165 1747 1229 1797; x_wconf 88' lang='lat' dir='ltr'>na·</span> 
     </span>
     <span class='ocr_line' id='line_1_14' title="bbox 171 1817 1128 1929; baseline 0.006 -31"><span class='ocrx_word' id='word_1_104' title='bbox 171 1817 177 1841; x_wconf 63' lang='lat'>⁸</span> <span class='ocrx_word' id='word_1_105' title='bbox 258 1846 352 1920; x_wconf 84' lang='lat' dir='ltr'>rura,</span> <span class='ocrx_word' id='word_1_106' title='bbox 369 1826 395 1901; x_wconf 90' lang='lat' dir='ltr'>si</span> <span class='ocrx_word' id='word_1_107' title='bbox 415 1853 495 1929; x_wconf 75' lang='lat' dir='ltr'>quae</span> <span class='ocrx_word' id='word_1_108' title='bbox 515 1827 673 1927; x_wconf 74' lang='lat' dir='ltr'>imposita</span> <span class='ocrx_word' id='word_1_109' title='bbox 695 1828 801 1903; x_wconf 81' lang='lat' dir='ltr'>essent</span> <span class='ocrx_word' id='word_1_110' title='bbox 821 1830 990 1904; x_wconf 79' lang='lat' dir='ltr'>vocabula</span> <span class='ocrx_word' id='word_1_111' title='bbox 1011 1829 1128 1904; x_wconf 88' lang='lat' dir='ltr'>rebus:</span> 
     </span>
    </p>
   </div>
   <div class='ocr_carea' id='block_1_5' title="bbox 112 1944 1254 3913">
    <p class='ocr_par' dir='ltr' id='par_1_5' title="bbox 621 1944 869 2037">
     <span class='ocr_line' id='line_1_15' title="bbox 621 1944 869 2037; baseline -0.008 -22"><span class='ocrx_word' id='word_1_112' title='bbox 621 1945 733 2015; x_wconf 77' lang='lat' dir='ltr'>Multa</span> <span class='ocrx_word' id='word_1_113' title='bbox 746 1944 869 2037; x_wconf 83' lang='lat' dir='ltr'>desunt.</span> 
     </span>
    </p>

    <p class='ocr_par' dir='ltr' id='par_1_6' title="bbox 112 2046 1254 3913">
     <span class='ocr_line' id='line_1_16' title="bbox 307 2046 1230 2147; baseline 0.001 -27"><span class='ocrx_word' id='word_1_114' title='bbox 307 2049 361 2121; x_wconf 87' lang='lat' dir='ltr'>Ne</span> <span class='ocrx_word' id='word_1_115' title='bbox 382 2046 425 2121; x_wconf 87' lang='lat' dir='ltr'>ab</span> <span class='ocrx_word' id='word_1_116' title='bbox 448 2048 611 2123; x_wconf 85' lang='lat' dir='ltr'>omnibus</span> <span class='ocrx_word' id='word_1_117' title='bbox 634 2049 708 2121; x_wconf 85' lang='lat' dir='ltr'>heis</span> <span class='ocrx_word' id='word_1_118' title='bbox 730 2048 917 2123; x_wconf 84' lang='lat' dir='ltr'>declinatus</span> <span class='ocrx_word' id='word_1_119' title='bbox 940 2062 1116 2143; x_wconf 80' lang='lat' dir='ltr'>putarent3</span> <span class='ocrx_word' id='word_1_120' title='bbox 1137 2072 1230 2147; x_wconf 89' lang='lat' dir='ltr'>quo·</span> 
     </span>
     <span class='ocr_line' id='line_1_17' title="bbox 259 2157 1229 2257; baseline 0.007 -28"><span class='ocrx_word' id='word_1_121' title='bbox 259 2182 334 2230; x_wconf 88' lang='lat' dir='ltr'>rum</span> <span class='ocrx_word' id='word_1_122' title='bbox 359 2183 523 2257; x_wconf 78' lang='lat' dir='ltr'>generum</span> <span class='ocrx_word' id='word_1_123' title='bbox 547 2157 796 2233; x_wconf 84' lang='lat' dir='ltr'>declinationes</span> <span class='ocrx_word' id='word_1_124' title='bbox 822 2158 989 2235; x_wconf 87' lang='lat' dir='ltr'>oriuntur.</span> <span class='ocrx_word' id='word_1_125' title='bbox 1012 2162 1124 2235; x_wconf 84' lang='lat' dir='ltr'>Partes</span> <span class='ocrx_word' id='word_1_126' title='bbox 1148 2185 1229 2236; x_wconf 83' lang='lat' dir='ltr'>ora·</span> 
     </span>
     <span class='ocr_line' id='line_1_18' title="bbox 188 2267 1230 2362; baseline 0.01 -24"><span class='ocrx_word' id='word_1_127' title='bbox 188 2314 192 2318; x_wconf 54' lang='lat'>&gt;</span> <span class='ocrx_word' id='word_1_128' title='bbox 259 2268 364 2362; x_wconf 76' lang='lat' dir='ltr'>tionis</span> <span class='ocrx_word' id='word_1_129' title='bbox 377 2267 456 2346; x_wconf 90' lang='lat' dir='ltr'>sunt</span> <span class='ocrx_word' id='word_1_130' title='bbox 473 2268 572 2362; x_wconf 73' lang='lat' dir='ltr'>due,</span> <span class='ocrx_word' id='word_1_131' title='bbox 591 2269 617 2344; x_wconf 90' lang='lat' dir='ltr'>si</span> <span class='ocrx_word' id='word_1_132' title='bbox 637 2269 719 2345; x_wconf 86' lang='lat' dir='ltr'>item</span> <span class='ocrx_word' id='word_1_133' title='bbox 741 2290 781 2344; x_wconf 90' lang='lat' dir='ltr'>ut</span> <span class='ocrx_word' id='word_1_134' title='bbox 801 2271 924 2362; x_wconf 88' lang='lat' dir='ltr'>Dion,</span> <span class='ocrx_word' id='word_1_135' title='bbox 945 2272 980 2346; x_wconf 91' lang='lat' dir='ltr'>in</span> <span class='ocrx_word' id='word_1_136' title='bbox 1003 2271 1083 2347; x_wconf 83' lang='lat' dir='ltr'>treis</span> <span class='ocrx_word' id='word_1_137' title='bbox 1103 2271 1230 2349; x_wconf 87' lang='lat' dir='ltr'>divise·</span> 
     </span>
     <span class='ocr_line' id='line_1_19' title="bbox 260 2378 1254 2483; baseline 0.008 -34"><span class='ocrx_word' id='word_1_138' title='bbox 260 2378 363 2451; x_wconf 84' lang='lat' dir='ltr'>rimus</span> <span class='ocrx_word' id='word_1_139' title='bbox 382 2397 490 2475; x_wconf 84' lang='lat' dir='ltr'>partes</span> <span class='ocrx_word' id='word_1_140' title='bbox 511 2405 672 2480; x_wconf 82' lang='lat' dir='ltr'>res,quae</span> <span class='ocrx_word' id='word_1_141' title='bbox 691 2382 829 2458; x_wconf 85' lang='lat' dir='ltr'>verbeis</span> <span class='ocrx_word' id='word_1_142' title='bbox 841 2380 1126 2483; x_wconf 73' lang='lat' dir='ltr'>adfignificantur.</span> <span class='ocrx_word' id='word_1_143' title='bbox 1144 2408 1254 2475; x_wconf 64' lang='lat' dir='ltr'>una„</span> 
     </span>
     <span class='ocr_line' id='line_1_20' title="bbox 261 2486 1230 2590; baseline 0.005 -30"><span class='ocrx_word' id='word_1_144' title='bbox 261 2511 339 2584; x_wconf 82' lang='lat' dir='ltr'>quae</span> <span class='ocrx_word' id='word_1_145' title='bbox 358 2486 561 2587; x_wconf 83' lang='lat' dir='ltr'>adsignificat</span> <span class='ocrx_word' id='word_1_146' title='bbox 582 2490 696 2568; x_wconf 77' lang='lat' dir='ltr'>casus:</span> <span class='ocrx_word' id='word_1_147' title='bbox 718 2492 845 2578; x_wconf 80' lang='lat' dir='ltr'>altera,</span> <span class='ocrx_word' id='word_1_148' title='bbox 865 2517 942 2590; x_wconf 84' lang='lat' dir='ltr'>quae</span> <span class='ocrx_word' id='word_1_149' title='bbox 960 2498 1136 2589; x_wconf 68' lang='lat' dir='ltr'>temporit:</span> <span class='ocrx_word' id='word_1_150' title='bbox 1158 2511 1230 2565; x_wconf 87' lang='lat' dir='ltr'>ter·</span> 
     </span>
     <span class='ocr_line' id='line_1_21' title="bbox 260 2600 1229 2698; baseline -0.001 -25"><span class='ocrx_word' id='word_1_151' title='bbox 260 2600 326 2691; x_wconf 81' lang='lat' dir='ltr'>tia,</span> <span class='ocrx_word' id='word_1_152' title='bbox 350 2624 428 2698; x_wconf 86' lang='lat' dir='ltr'>quae</span> <span class='ocrx_word' id='word_1_153' title='bbox 452 2620 622 2678; x_wconf 82' lang='lat' dir='ltr'>neutrum.</span> <span class='ocrx_word' id='word_1_154' title='bbox 646 2602 705 2676; x_wconf 86' lang='lat' dir='ltr'>De</span> <span class='ocrx_word' id='word_1_155' title='bbox 727 2601 798 2676; x_wconf 81' lang='lat' dir='ltr'>heis</span> <span class='ocrx_word' id='word_1_156' title='bbox 821 2600 1019 2674; x_wconf 81' lang='lat' dir='ltr'>Aristoteles</span> <span class='ocrx_word' id='word_1_157' title='bbox 1041 2602 1123 2674; x_wconf 88' lang='lat' dir='ltr'>duas</span> <span class='ocrx_word' id='word_1_158' title='bbox 1149 2626 1229 2698; x_wconf 84' lang='lat' dir='ltr'>par·</span> 
     </span>
     <span class='ocr_line' id='line_1_22' title="bbox 260 2708 1233 2801; baseline -0.002 -16"><span class='ocrx_word' id='word_1_159' title='bbox 260 2734 311 2786; x_wconf 87' lang='lat' dir='ltr'>tes</span> <span class='ocrx_word' id='word_1_160' title='bbox 327 2708 495 2786; x_wconf 81' lang='lat' dir='ltr'>orationis</span> <span class='ocrx_word' id='word_1_161' title='bbox 513 2714 579 2787; x_wconf 86' lang='lat' dir='ltr'>esse</span> <span class='ocrx_word' id='word_1_162' title='bbox 597 2711 703 2801; x_wconf 88' lang='lat' dir='ltr'>dicit,</span> <span class='ocrx_word' id='word_1_163' title='bbox 719 2711 894 2787; x_wconf 83' lang='lat' dir='ltr'>vocabula</span> <span class='ocrx_word' id='word_1_164' title='bbox 911 2713 948 2784; x_wconf 75' lang='grc' dir='ltr'>δι</span> <span class='ocrx_word' id='word_1_165' title='bbox 970 2711 1093 2799; x_wconf 82' lang='lat' dir='ltr'>verba;</span> <span class='ocrx_word' id='word_1_166' title='bbox 1108 2729 1147 2784; x_wconf 90' lang='lat' dir='ltr'>ut</span> <span class='ocrx_word' id='word_1_167' title='bbox 1166 2713 1233 2784; x_wconf 88' lang='lat' dir='ltr'>bo·.</span> 
     </span>
     <span class='ocr_line' id='line_1_23' title="bbox 260 2820 1230 2923; baseline 0.001 -28"><span class='ocrx_word' id='word_1_168' title='bbox 260 2846 321 2895; x_wconf 83' lang='lat' dir='ltr'>nno</span> <span class='ocrx_word' id='word_1_169' title='bbox 342 2825 379 2897; x_wconf 77' lang='grc' dir='ltr'>δι</span> <span class='ocrx_word' id='word_1_170' title='bbox 403 2847 534 2923; x_wconf 86' lang='lat' dir='ltr'>equus,</span> <span class='ocrx_word' id='word_1_171' title='bbox 554 2824 594 2898; x_wconf 79' lang='grc' dir='ltr'>δι</span> <span class='ocrx_word' id='word_1_172' title='bbox 619 2823 700 2923; x_wconf 84' lang='lat' dir='ltr'>legit</span> <span class='ocrx_word' id='word_1_173' title='bbox 722 2825 759 2899; x_wconf 76' lang='grc' dir='ltr'>δι</span> <span class='ocrx_word' id='word_1_174' title='bbox 780 2822 894 2897; x_wconf 87' lang='lat' dir='ltr'>currit.</span> <span class='ocrx_word' id='word_1_175' title='bbox 916 2820 1099 2919; x_wconf 84' lang='lat' dir='ltr'>Utriusque</span> <span class='ocrx_word' id='word_1_176' title='bbox 1122 2847 1230 2921; x_wconf 85' lang='lat' dir='ltr'>gene-</span> 
     </span>
     <span class='ocr_line' id='line_1_24' title="bbox 260 2929 1229 3031; baseline 0.004 -28"><span class='ocrx_word' id='word_1_177' title='bbox 260 2930 361 3007; x_wconf 84' lang='lat' dir='ltr'>ris&amp;</span> <span class='ocrx_word' id='word_1_178' title='bbox 379 2931 543 3007; x_wconf 80' lang='lat' dir='ltr'>vocabuli</span> <span class='ocrx_word' id='word_1_179' title='bbox 562 2933 602 3008; x_wconf 79' lang='grc' dir='ltr'>δι</span> <span class='ocrx_word' id='word_1_180' title='bbox 617 2933 736 3022; x_wconf 83' lang='lat' dir='ltr'>verbi,</span> <span class='ocrx_word' id='word_1_181' title='bbox 754 2931 905 3030; x_wconf 71' lang='lat' dir='ltr'>quadarn</span> <span class='ocrx_word' id='word_1_182' title='bbox 922 2929 1057 3026; x_wconf 82' lang='lat' dir='ltr'>priora,</span> <span class='ocrx_word' id='word_1_183' title='bbox 1073 2932 1229 3031; x_wconf 80' lang='lat' dir='ltr'>quaedam</span> 
     </span>
     <span class='ocr_line' id='line_1_25' title="bbox 261 3038 1230 3140; baseline 0.001 -25"><span class='ocrx_word' id='word_1_184' title='bbox 261 3040 459 3140; x_wconf 80' lang='lat' dir='ltr'>posteriora.</span> <span class='ocrx_word' id='word_1_185' title='bbox 479 3041 613 3139; x_wconf 82' lang='lat' dir='ltr'>priora,</span> <span class='ocrx_word' id='word_1_186' title='bbox 631 3062 670 3115; x_wconf 88' lang='lat' dir='ltr'>ut</span> <span class='ocrx_word' id='word_1_187' title='bbox 684 3044 794 3115; x_wconf 86' lang='lat' dir='ltr'>homo</span> <span class='ocrx_word' id='word_1_188' title='bbox 812 3040 947 3128; x_wconf 86' lang='lat' dir='ltr'>scribit;</span> <span class='ocrx_word' id='word_1_189' title='bbox 961 3038 1172 3137; x_wconf 77' lang='lat' dir='ltr'>posteriora,</span> <span class='ocrx_word' id='word_1_190' title='bbox 1190 3062 1230 3116; x_wconf 90' lang='lat' dir='ltr'>ut</span> 
     </span>
     <span class='ocr_line' id='line_1_26' title="bbox 261 3151 1231 3240; baseline 0.005 -14"><span class='ocrx_word' id='word_1_191' title='bbox 261 3155 380 3228; x_wconf 72' lang='lat' dir='ltr'>docbus</span> <span class='ocrx_word' id='word_1_192' title='bbox 406 3155 445 3229; x_wconf 77' lang='grc' dir='ltr'>δι</span> <span class='ocrx_word' id='word_1_193' title='bbox 468 3153 579 3229; x_wconf 75' lang='lat' dir='ltr'>dour.</span> <span class='ocrx_word' id='word_1_194' title='bbox 605 3151 849 3228; x_wconf 82' lang='lat' dir='ltr'>diciturenim</span> <span class='ocrx_word' id='word_1_195' title='bbox 879 3153 998 3225; x_wconf 85' lang='lat' dir='ltr'>Homo</span> <span class='ocrx_word' id='word_1_196' title='bbox 1027 3152 1167 3240; x_wconf 64' lang='lat' dir='ltr'>dubus,</span> <span class='ocrx_word' id='word_1_197' title='bbox 1191 3156 1231 3231; x_wconf 78' lang='grc' dir='ltr'>δι</span> 
     </span>
     <span class='ocr_line' id='line_1_27' title="bbox 260 3260 1228 3360; baseline -0.002 -24"><span class='ocrx_word' id='word_1_198' title='bbox 260 3263 386 3337; x_wconf 83' lang='lat' dir='ltr'>Scribit</span> <span class='ocrx_word' id='word_1_199' title='bbox 413 3265 527 3340; x_wconf 70' lang='lat' dir='ltr'>doster</span> <span class='ocrx_word' id='word_1_200' title='bbox 545 3266 629 3340; x_wconf 80' lang='lat' dir='ltr'>Haec</span> <span class='ocrx_word' id='word_1_201' title='bbox 655 3260 804 3360; x_wconf 82' lang='lat' dir='ltr'>sequitur</span> <span class='ocrx_word' id='word_1_202' title='bbox 827 3261 865 3336; x_wconf 78' lang='grc' dir='ltr'>δι</span> <span class='ocrx_word' id='word_1_203' title='bbox 888 3262 985 3335; x_wconf 88' lang='lat' dir='ltr'>locus</span> <span class='ocrx_word' id='word_1_204' title='bbox 1008 3262 1048 3336; x_wconf 78' lang='grc' dir='ltr'>δι</span> <span class='ocrx_word' id='word_1_205' title='bbox 1074 3279 1228 3358; x_wconf 82' lang='lat' dir='ltr'>tempus3</span> 
     </span>
     <span class='ocr_line' id='line_1_28' title="bbox 260 3369 1229 3474; baseline -0.007 -26"><span class='ocrx_word' id='word_1_206' title='bbox 260 3377 357 3470; x_wconf 91' lang='lat' dir='ltr'>quod</span> <span class='ocrx_word' id='word_1_207' title='bbox 376 3399 487 3474; x_wconf 87' lang='lat' dir='ltr'>neque</span> <span class='ocrx_word' id='word_1_208' title='bbox 501 3376 610 3450; x_wconf 87' lang='lat' dir='ltr'>bomo</span> <span class='ocrx_word' id='word_1_209' title='bbox 618 3427 635 3468; x_wconf 89' lang='lat'><em>‚</em></span> <span class='ocrx_word' id='word_1_210' title='bbox 649 3397 758 3473; x_wconf 87' lang='lat' dir='ltr'>neque</span> <span class='ocrx_word' id='word_1_211' title='bbox 777 3372 911 3463; x_wconf 86' lang='lat' dir='ltr'>scribit,</span> <span class='ocrx_word' id='word_1_212' title='bbox 928 3370 1038 3469; x_wconf 85' lang='lat' dir='ltr'>potest</span> <span class='ocrx_word' id='word_1_213' title='bbox 1058 3370 1128 3443; x_wconf 88' lang='lat' dir='ltr'>sine</span> <span class='ocrx_word' id='word_1_214' title='bbox 1144 3369 1229 3444; x_wconf 89' lang='lat' dir='ltr'>loco</span> 
     </span>
     <span class='ocr_line' id='line_1_29' title="bbox 166 3477 1228 3583; baseline -0.006 -26"><span class='ocrx_word' id='word_1_215' title='bbox 166 3497 170 3512; x_wconf 88' lang='lat'><em>&#39;</em></span> <span class='ocrx_word' id='word_1_216' title='bbox 261 3486 301 3557; x_wconf 81' lang='grc' dir='ltr'>δι</span> <span class='ocrx_word' id='word_1_217' title='bbox 316 3501 472 3578; x_wconf 83' lang='lat' dir='ltr'>tempore</span> <span class='ocrx_word' id='word_1_218' title='bbox 485 3483 569 3559; x_wconf 77' lang='lat' dir='ltr'>esset</span> <span class='ocrx_word' id='word_1_219' title='bbox 586 3484 685 3559; x_wconf 85' lang='lat' dir='ltr'>itaut</span> <span class='ocrx_word' id='word_1_220' title='bbox 701 3482 806 3583; x_wconf 81' lang='lat' dir='ltr'>magis</span> <span class='ocrx_word' id='word_1_221' title='bbox 820 3482 859 3557; x_wconf 83' lang='lat' dir='ltr'>fit</span> <span class='ocrx_word' id='word_1_222' title='bbox 876 3482 974 3557; x_wconf 85' lang='lat' dir='ltr'>locus</span> <span class='ocrx_word' id='word_1_223' title='bbox 992 3477 1124 3553; x_wconf 89' lang='lat' dir='ltr'>homini</span> <span class='ocrx_word' id='word_1_224' title='bbox 1140 3503 1228 3552; x_wconf 89' lang='lat' dir='ltr'>con·</span> 
     </span>
     <span class='ocr_line' id='line_1_30' title="bbox 261 3587 1229 3693; baseline -0.004 -27"><span class='ocrx_word' id='word_1_225' title='bbox 261 3587 417 3689; x_wconf 72' lang='lat' dir='ltr'>junsiu&#39;s,</span> <span class='ocrx_word' id='word_1_226' title='bbox 432 3610 564 3692; x_wconf 86' lang='lat' dir='ltr'>tempus</span> <span class='ocrx_word' id='word_1_227' title='bbox 580 3592 780 3693; x_wconf 84' lang='lat' dir='ltr'>scriptioni,</span> <span class='ocrx_word' id='word_1_228' title='bbox 793 3618 870 3668; x_wconf 89' lang='lat' dir='ltr'>cum</span> <span class='ocrx_word' id='word_1_229' title='bbox 889 3592 931 3666; x_wconf 88' lang='lat' dir='ltr'>de</span> <span class='ocrx_word' id='word_1_230' title='bbox 952 3588 1023 3663; x_wconf 85' lang='lat' dir='ltr'>heis</span> <span class='ocrx_word' id='word_1_231' title='bbox 1040 3610 1169 3661; x_wconf 86' lang='lat' dir='ltr'>nornen</span> <span class='ocrx_word' id='word_1_232' title='bbox 1187 3587 1229 3663; x_wconf 84' lang='lat' dir='ltr'>fit</span> 
     </span>
     <span class='ocr_line' id='line_1_31' title="bbox 263 3695 1230 3799; baseline -0.003 -26"><span class='ocrx_word' id='word_1_233' title='bbox 263 3700 421 3799; x_wconf 83' lang='lat' dir='ltr'>primunr.</span> <span class='ocrx_word' id='word_1_234' title='bbox 435 3702 531 3776; x_wconf 86' lang='lat' dir='ltr'>Prius</span> <span class='ocrx_word' id='word_1_235' title='bbox 545 3702 637 3779; x_wconf 85' lang='lat' dir='ltr'>enirn</span> <span class='ocrx_word' id='word_1_236' title='bbox 654 3715 784 3777; x_wconf 84' lang='lat' dir='ltr'>nomen</span> <span class='ocrx_word' id='word_1_237' title='bbox 801 3702 870 3791; x_wconf 88' lang='lat' dir='ltr'>est,</span> <span class='ocrx_word' id='word_1_238' title='bbox 880 3725 981 3799; x_wconf 84' lang='lat' dir='ltr'>quarn</span> <span class='ocrx_word' id='word_1_239' title='bbox 991 3695 1230 3770; x_wconf 79' lang='lat' dir='ltr'>verbumtenr·</span> 
     </span>
     <span class='ocr_line' id='line_1_32' title="bbox 112 3809 1228 3913; baseline -0.006 -25"><span class='ocrx_word' id='word_1_240' title='bbox 112 3830 116 3842; x_wconf 88' lang='grc'><strong>’</strong></span> <span class='ocrx_word' id='word_1_241' title='bbox 262 3812 398 3911; x_wconf 81' lang='lat' dir='ltr'>potale:</span> <span class='ocrx_word' id='word_1_242' title='bbox 414 3815 454 3890; x_wconf 78' lang='grc' dir='ltr'>δι</span> <span class='ocrx_word' id='word_1_243' title='bbox 472 3811 602 3913; x_wconf 82' lang='lat' dir='ltr'>reiiqua</span> <span class='ocrx_word' id='word_1_244' title='bbox 619 3810 806 3912; x_wconf 78' lang='lat' dir='ltr'>posterius,</span> <span class='ocrx_word' id='word_1_245' title='bbox 820 3835 922 3912; x_wconf 81' lang='lat' dir='ltr'>quam</span> <span class='ocrx_word' id='word_1_246' title='bbox 943 3829 1072 3883; x_wconf 87' lang='lat' dir='ltr'>nornen</span> <span class='ocrx_word' id='word_1_247' title='bbox 1094 3809 1132 3883; x_wconf 80' lang='grc' dir='ltr'>δι</span> <span class='ocrx_word' id='word_1_248' title='bbox 1147 3830 1228 3885; x_wconf 82' lang='lat' dir='ltr'>ver·</span> 
     </span>
    </p>
   </div>
   <div class='ocr_carea' id='block_1_6' title="bbox 0 0 1430 4567">
    <p class='ocr_par' dir='ltr' id='par_1_7' title="bbox 0 0 1430 4567">
     <span class='ocr_line' id='line_1_33' title="bbox 0 0 1430 4567; baseline 0 0"><span class='ocrx_word' id='word_1_249' title='bbox 0 0 1430 4567; x_wconf 95' lang='lat' dir='ltr'> </span> 
     </span>
    </p>
   </div>
  </div>
 </body>
</html>
