2834 4567
415 364 906 440 FRAGMENTn
1027 394 1140 476 ’2η

190 528 336 626 pltorum
357 525 541 616 filleretut,
564 527 658 624 quod
687 524 888 626 fignificaret
918 526 1063 622 vinum,
1086 556 1147 628 per
1249 587 1253 598 .

189 638 226 712 id
249 637 341 734 quod
362 636 534 723 continet,
552 633 587 706 id
608 637 703 735 quod
724 636 939 726 continetur3
955 638 1000 712 ita
1023 665 1081 738 per
1103 641 1148 713 st·

189 748 389 836 mulacrum,
401 747 496 844 quod
506 744 650 817 sormam
659 745 796 820 haberet
809 747 1007 839 humanam,
1021 748 1147 846 fignifi-

191 857 259 930 cari
280 859 428 930 animam
452 854 672 949 rationalem,
694 859 853 953 eoquod
879 858 974 931 velut
992 860 1066 933 vale
1086 886 1149 933 na·
1193 909 1195 916 ι

128 1053 137 1068 ‚
189 983 265 1040 tura
279 967 339 1040 ista
360 965 462 1041 soleat
475 966 667 1040 contineris
689 966 784 1062 cujus
801 984 931 1042 nature
946 970 1059 1052 Deum
1080 994 1148 1052 vo,-

190 1079 267 1153 lunt
288 1079 371 1167 effe,
389 1081 444 1155 vel
464 1081 572 1154 Deos.
598 1085 655 1153 lib.
676 1083 848 1176 V11,cap.
872 1084 909 1156 ὃ.

253 1191 367 1265 Deum
391 1190 422 1264 se
446 1188 599 1264 arbitrari
620 1187 685 1263 effe
709 1190 855 1263 animam
882 1188 1024 1281 mundi,
1049 1213 1151 1289 quern

194 1301 306 1375 Graeci
324 1319 448 1375 vocant
467 1306 590 1385 stupas,
607 1302 644 1375 ἃ
659 1302 754 1374 hunc
775 1300 879 1397 ipsum
902 1300 1063 1374 mundum
1087 1299 1151 1375 elle

193 1414 318 1486 Deum.
336 1411 399 1485 Sed
422 1411 504 1491 ficut
526 1411 701 1486 hominem
725 1411 930 1507 sapientem,
952 1435 1030 1487 cum
1054 1411 1092 1484 stt
1110 1436 1152 1484 ex

193 1525 387 1616 corpore&
405 1520 541 1610 animo,
556 1539 667 1594 tamen
683 1521 725 1591 ab
744 1519 858 1594 animo
874 1517 940 1593 dici
954 1519 1151 1616 sapientem:

193 1625 240 1699 ita
260 1629 423 1700 mundum
439 1630 554 1701 Deum
571 1627 639 1700 dici
656 1628 698 1700 ab
716 1626 850 1719 animo,
863 1653 939 1702 cum
952 1628 1000 1725 ⁸fit
1022 1653 1062 1700 ex
1078 1628 1151 1702 ani·
1226 1661 1229 1666 >

193 1760 255 1809 mo
277 1739 314 1808 &
337 1760 496 1831 corpore.
518 1741 572 1809 lib.
599 1740 684 1827 Vll,
704 1763 772 1831 cap.
791 1740 826 1811 ὅ.

242 1847 414 1919 Mundum¹
433 1846 539 1920 dividi
558 1846 594 1918 in
616 1846 698 1921 duas
719 1865 849 1943 partes,
871 1842 1001 1917 Caelum
1016 1845 1053 1917 &
1066 1845 1153 1917 Ter·

193 1980 286 2029 rant:
302 1958 338 2029 bc
351 1954 481 2028 Caelum
493 1954 643 2028 bifariam
659 1956 695 2028 in
711 1956 834 2028 aetbera
849 1958 885 2027 δι
900 1979 995 2043 aera3
1011 1954 1153 2027 Terram

195 2088 281 2140 vero
302 2064 339 2135 in
362 2087 479 2159 aquam
497 2066 534 2139 &
551 2063 710 2149 humum3
728 2085 747 2135 e
769 2061 892 2159 quibus
906 2062 1065 2134 summam
1088 2062 1152 2134 elle

196 2174 346 2261 aethera,
369 2172 543 2247 secundam
566 2198 660 2256 aera,
677 2172 809 2245 tertiam
838 2196 983 2267 aquarn,
1006 2169 1153 2243 infimam

196 2304 330 2357 tertam.
352 2285 446 2376 Quas
469 2307 587 2356 omnes
606 2301 755 2380 quatuor
769 2301 878 2379 partes
898 2281 1081 2355 animarum
1102 2283 1154 2356 es·

79 2433 81 2436 v
109 2389 113 2400 '
195 2393 229 2466 se
249 2394 384 2490 plenas:
402 2394 437 2465 in
448 2394 571 2467 retbere
588 2397 627 2469 δι
639 2403 715 2467 aere
734 2393 997 2498 immortalium,
1012 2393 1046 2464 iu
1066 2419 1153 2489 aqua

196 2505 235 2577 δι
257 2521 344 2575 terra
358 2501 557 2575 mortalium.
577 2510 607 2574 Α
622 2501 754 2575 summo
770 2522 880 2574 autem
897 2501 1039 2574 circuitu
1055 2506 1152 2595 caeli,

195 2612 301 2709 usque
329 2613 370 2684 ad
394 2612 557 2685 circulum
581 2617 707 2698 Lunae,
731 2613 889 2685 ethereas
916 2609 1040 2685 animas
1064 2611 1178 2703 elle,'

197 2722 278 2796 alita
299 2747 338 2796 ac
362 2719 492 2809 flellas,
515 2718 638 2814 eosque
658 2720 803 2795 caelelles
828 2722 927 2794 Deos
948 2744 1020 2793 uon
1047 2723 1155 2820 modo

197 2833 338 2931 intelligi
360 2832 442 2922 elle,
465 2829 644 2902 sedetiam
673 2830 794 2902 videri.
825 2834 915 2908 lnter
938 2833 1041 2904 Lunae
1069 2857 1156 2907 vero

197 2967 320 3041 gyrum
333 2944 371 3017 be
386 2940 583 3014 nimborum
601 2963 641 3013 ac
655 2961 840 3015 ventorum
854 2941 1027 3016 cacumina
1044 2965 1157 3015 aereas

198 3046 262 3119 elle
280 3046 428 3138 animas,
446 3048 501 3120 sed
522 3071 576 3120 eas
597 3048 730 3136 animo,
752 3073 824 3120 non
845 3047 956 3121 oculis
976 3043 1103 3135 videri,
1117 3048 1157 3121 δι

199 3156 319 3232 vocari
341 3158 494 3245 Heroas,
512 3159 549 3230 δι
572 3159 692 3247 Lares,
705 3159 744 3230 lit
768 3156 911 3228 Genios.
932 3157 1059 3226 Ibidem.

246 3271 344 3341 Caelo
372 3268 488 3340 tribuit
512 3268 678 3343 masculos
705 3269 827 3338 Deos:
853 3265 993 3337 feminas
1013 3264 1156 3357 Terrae,
1235 3253 1243 3270 ’

195 3378 283 3455 inter
297 3403 381 3478 quas
398 3378 509 3474 posuit
529 3379 732 3450 Minervam.
753 3401 819 3470 cap.
836 3376 895 3447 28.
967 3371 969 3376 ⁴

246 3492 343 3563 Deos
370 3488 506 3561 setettos
525 3485 609 3575 elle,
627 3487 770 3573 lanum,
792 3486 933 3575 lovem,
953 3485 1156 3573 Saturnum,

199 3601 369 3688 Genium,
386 3598 614 3686 Mercurium,
626 3595 842 3691 Apollinem,
855 3595 1016 3686 Martem,
1030 3594 1156 3667 Vulca-

199 3736 303 3797 num,
331 3711 551 3805 Neptunum,
572 3704 713 3793 Solem,
733 3705 885 3806 Oreum,
907 3703 1066 3775 Liberum
1092 3702 1156 3794 Pa·

199 3837 302 3915 trem,
311 3818 482 3894 Tellurem
492 3818 693 3914 ‚Cererem,
706 3816 873 3893 lunonem
882 3866 895 3910 ,
905 3819 1055 3905 Lunam,
1070 3811 1169 3904 Dia„
