2834 4567
276 378 326 453 'ro
617 377 912 455 NOTAE

274 541 370 621 ltaque
390 539 536 624 legendum
549 541 603 617 ibi,
616 546 791 625 casurumque
805 543 921 623 triplex:
938 561 967 604 ut
978 542 1009 605 &
1020 543 1096 626 apud
1111 542 1147 609 (L
1160 542 1239 610 Albi·

273 642 420 683 novarum
439 626 465 683 in
482 622 576 707 Elegia
594 624 628 684 de
647 646 739 687 morte
755 623 841 687 Drusi
858 623 1036 686 Germanici:

315 705 386 763 Ecce
401 727 486 764 necem
510 708 636 766 intentum
658 708 740 780 calo,
763 724 898 787 terreque,
909 706 1043 790 fretoque,

357 788 479 867 Cafirrum
492 789 589 868 triplex
608 790 770 849 vaticinatur
794 809 870 867 opus.

272 865 341 929 mihi
365 889 422 927 non
440 867 479 928 est
502 870 638 940 dubium,
655 872 720 950 quin
738 869 785 931 hic
811 870 907 951 reponi
924 869 1024 932 debeat
1048 865 1185 948 lucilius,
1203 893 1235 935 ut

273 950 306 1011 u
327 948 373 1010 uo.
399 968 432 1029 ς,
447 952 533 1027 Aput
549 952 697 1012 murum:
718 951 763 1011 uu
783 972 925 1033 perperam
945 951 1059 1034 tegitur,
1083 955 1238 1016 narrum.
1312 976 1319 1009 ι
1405 992 1406 1059 ;

271 1028 309 1091 C
331 1030 449 1091 lucilius
466 1031 567 1114 scripsit
587 1034 668 1093 libros
685 1031 833 1093 Satirarum
851 1034 886 1093 acl
906 1035 1091 1095 numerum&
1106 1034 1236 1095 ordinem

270 1111 402 1173 tribuunt.
422 1112 509 1173 Unde
527 1114 678 1175 Horatius:
694 1114 826 1173 Primores
842 1115 937 1196 populi
952 1116 1238 1197 arripnit‚poprrlrtrn·

270 1214 320 1272 que
335 1195 461 1255 tributim.
481 1194 604 1255 Fuerunt
629 1215 723 1258 autem
744 1196 830 1255 tribus
851 1198 928 1257 initio
947 1195 1023 1259 XXl
1045 1196 1169 1259 institurae
1184 1198 1237 1257 du·

270 1273 421 1336 centestmo
433 1276 663 1359 quinquagesimo
678 1276 783 1339 oclevo
797 1276 884 1338 Urbis
894 1298 985 1352 enno,
999 1276 1118 1357 Claudio
1134 1279 1164 1339 δι
1175 1276 1237 1340 Ser-

270 1355 341 1416 vilio
355 1356 433 1417 Coll.
453 1356 548 1437 postea
570 1358 685 1420 divcrlis
699 1359 870 1441 temporibus
895 1358 1062 1420 recellerunt
1080 1360 1139 1420 aliae
1151 1360 1236 1433 XIV,

260 1434 307 1511 ¹itu
325 1454 354 1496 ut
375 1438 487 1498 demum
503 1448 586 1500 'anno
609 1440 829 1523 quingentclirno
846 1440 1017 1501 duodecimo
1041 1461 1171 1501 numerus
1191 1462 1238 1500 ea·

268 1537 330 1577 rum
353 1517 418 1579 ellet
440 1519 571 1582 XXXV.
592 1521 654 1582 Hac
674 1524 780 1583 ratione
797 1520 914 1583 sortaffis
939 1521 1035 1582 Lucilii
1185 1521 1237 1581 fuit

269 1597 388 1659 divisum
405 1604 508 1663 induo
525 1604 692 1679 volumnia;
709 1604 827 1664 alterum
847 1605 942 1665 habuit
962 1604 1047 1664 libros
1060 1541 1237 1684 Xffquos

269 1678 363 1740 Varro
380 1683 423 1743 hic
436 1683 568 1759 adducit3
583 1686 698 1747 alterurn
719 1685 804 1747 libros
821 1684 915 1750 XlV:
938 1686 984 1747 sed
999 1686 1172 1768 grammatici
1186 1705 1237 1765 po·

267 1760 391 1824 steriores
413 1786 498 1826 unum
522 1765 608 1843 σῶμα
626 1767 770 1845 lecerunt,
787 1769 835 1851 qui
853 1769 1005 1850 generatim
1023 1770 1109 1828 citant
1124 1767 1184 1843 ejus
1205 1766 1238 1826 li·

265 1843 334 1906 bros
352 1846 483 1912 XXXV.
500 1845 633 1910 Poeni.

650 2011 775 2111 Pagina
816 2009 851 2085 8.

242 2206 255 2224 N
305 2144 350 2206 lin.
371 2166 397 2207 2.
414 2146 480 2205 Non
493 2145 578 2220 nole,
596 2124 667 2225 quod
678 2146 802 2227 posterior
816 2141 946 2226 Elius]
963 2141 1057 2205 Deleo
1073 2165 1102 2208 v.
1118 2145 1238 2221 Elius,

263 2241 295 2285 ur
311 2225 500 2307 reprehensum
512 2227 696 2308 veriloquium
717 2226 782 2289 AElii
799 2228 835 2288 ab
851 2226 905 2288 alio
925 2225 1075 2308 posteriore
1097 2225 1232 2309 scriptore

263 2309 453 2390 intelligamus.
471 2304 500 2368 Si
511 2310 633 2389 posterior
647 2310 746 2370 AElius
761 2307 911 2380 scribatur,
928 2324 959 2368 ut
981 2308 1018 2367 ab
1032 2309 1157 2369 Antonio
1171 2309 1236 2370 Au·

262 2386 392 2467 gustino,
413 2387 545 2452 sententia
571 2391 639 2465 erit,
657 2392 666 2449 i
687 2389 747 2451 sunt
775 2389 814 2450 sui
836 2387 1029 2472 posterioribus
1049 2389 1125 2449 libris
1145 2410 1236 2468 repre·

262 2469 408 2532 hensoretn
433 2470 530 2547 fixisse,
552 2413 766 2553 credidilleque,
789 2490 846 2532 non
867 2486 926 2531 tarn
943 2471 1046 2545 caelunn
1063 2492 1080 2529 a
1095 2470 1236 2545 celando,

262 2570 349 2633 quarn
365 2554 460 2614 caelare
482 2577 499 2615 a
517 2553 585 2614 caelo
603 2554 751 2614 deductum
772 2550 836 2614 eisd
853 2551 962 2614 Caelum
986 2552 1030 2611 alii
1049 2553 1086 2611 ita
1100 2571 1237 2613 vocatum

261 2632 394 2709 censent,
408 2638 485 2717 quod
502 2634 535 2695 su
547 2635 672 2696 caelatum
683 2678 694 2707 ,
707 2634 922 2715 imprellutnque
932 2634 1016 2693 variis
1034 2632 1132 2715 signis,
1144 2634 1177 2694 δι
1193 2633 1238 2694 di·

261 2712 389 2781 stinclum
401 2715 598 2800 sculptuunue.
615 2716 690 2777 Hinc
706 2717 829 2799 praeclari
844 2715 883 2778 illi
900 2712 995 2777 versus
1011 2714 1165 2776 Varronis:

303 2810 429 2867 Mundus
443 2811 534 2870 domus
549 2810 582 2948 cll
599 2810 717 2868 maxima
733 2829 831 2883 rerunt,

305 2892 395 2969 Quam
409 2892 521 2970 quinque
534 2913 552 2948 a
565 2891 654 2957 ritune
666 2887 800 2972 fragmine
839 2909 896 2948 ona

303 2975 433 3051 Cingunt,
444 2993 492 3055 pet
504 2993 582 3054 quant
605 2972 700 3031 limbus
716 2973 800 3052 pilius
821 2912 863 3031 lis
867 2971 927 3110 spx
936 2965 1025 3048 figitis

302 3055 555 3128 Srellt'micantr'bus,
570 3052 645 3113 altus
667 3053 696 3113 in
713 3052 819 3135 obliquo
833 3069 866 3111 at
910 3073 942 3126 e,
966 3050 1037 3110 lrtuae

301 3135 389 3218 Bigas
405 3154 531 3219 acceptat.

259 3225 331 3289 Aliis
351 3229 449 3290 caelunt
472 3229 569 3290 diciutr
585 3244 616 3289 ut
639 3225 737 3290 κοῖλον.
752 3226 907 3290 TURNEB.
924 3224 1031 3288 Merito
1047 3225 1114 3288 illud
1133 3227 1233 3288 AElr‘us

259 3327 315 3368 nou
334 3309 455 3390 agnoscit
476 3328 558 3371 vetus
574 3310 713 3392 scriptura.
727 3306 773 3369 sed
787 3328 843 3367 non
882 3308 997 3390 offerint,
1012 3309 1058 3385 secl
1077 3311 1135 3391 posi
1156 3306 1233 3385 reor:

258 3388 404 3471 legandum
422 3389 487 3453 effer
503 3393 559 3455 ita:
579 3394 662 3471 Quod
670 3392 728 3469 post
743 3410 800 3448 reor
814 3330 894 3450 mullo
905 3390 997 3471 polius
1013 3390 1133 3450 calma
1150 3392 1213 3452 calo
1220 3436 1233 3463 ,

258 3491 335 3550 quan
352 3472 442 3533 calon
461 3494 480 3531 a
493 3474 619 3535 edendo.
641 3474 776 3535 Senum.
800 3471 929 3553 Antiquae
945 3471 1076 3533 editiones
1092 3491 1152 3532 non
1175 3472 1230 3531 ha-b

183 3622 191 3641 ‚
259 3552 326 3613 hent
353 3574 457 3616 vocem
478 3554 594 3627 AEliur,
619 3555 693 3616 unde
723 3551 844 3634 suspicor
870 3554 879 3613 l
915 3552 1035 3614 endunt:
1057 3555 1124 3615 eun
1147 3551 1232 3634 pofflr

253 3634 347 3713 prius,
367 3636 456 3698 multo.
477 3635 547 3698 Caeli
566 3635 634 3695 duas
649 3635 837 3717 etymologias
853 3652 894 3696 rra
916 3633 964 3693 idit
984 3634 1093 3707 AEirus,
1110 3654 1192 3695 unam
1212 3654 1229 3694 a

257 3715 401 3792 caelando,
421 3716 498 3800 quod
515 3716 652 3778 stellarum
669 3716 789 3791 lomna,
812 3716 889 3777 velut
904 3714 981 3799 signa
1001 3718 1100 3776 habeat
1115 3711 1228 3796 impres·

257 3795 304 3871 sa3
324 3799 439 3861 alterum
456 3822 474 3860 a
490 3797 624 3870 celando,
639 3802 780 3859 contrario
800 3800 932 3869 nomine,
952 3796 1028 3879 quod
1044 3797 1155 3856 minime
1180 3813 1229 3854 ce·

256 3878 360 3958 hrum,
376 3880 424 3945 sed
441 3898 568 3967 opertum
591 3877 634 3943 fir.
651 3897 796 3963 utrumque
812 3898 869 3942 non
893 3879 983 3955 male,
1003 3879 1090 3961 inquit
1114 3877 1230 3943 vnto:
