<?xml version="1.0" encoding="UTF-8"?>
<!DOCTYPE html PUBLIC "-//W3C//DTD XHTML 1.0 Transitional//EN"
    "http://www.w3.org/TR/xhtml1/DTD/xhtml1-transitional.dtd">
<html xmlns="http://www.w3.org/1999/xhtml" xml:lang="en" lang="en">
 <head>
  <title>
</title>
<meta http-equiv="Content-Type" content="text/html;charset=utf-8" />
  <meta name='ocr-system' content='tesseract 3.04.00' />
  <meta name='ocr-capabilities' content='ocr_page ocr_carea ocr_par ocr_line ocrx_word'/>
</head>
<body>
  <div class='ocr_page' id='page_1' title='image "./mtervarronisdel00bipogoog/mtervarronisdel00bipogoog_0287.png"; bbox 0 0 2834 4567; ppageno 0'>
   <div class='ocr_carea' id='block_1_1' title="bbox 404 427 1127 531">
    <p class='ocr_par' dir='ltr' id='par_1_1' title="bbox 404 427 1127 531">
     <span class='ocr_line' id='line_1_1' title="bbox 404 427 1127 531; baseline 0.006 -27"><span class='ocrx_word' id='word_1_1' title='bbox 404 427 899 506; x_wconf 72' lang='lat' dir='ltr'>FRAGMENTn</span> <span class='ocrx_word' id='word_1_2' title='bbox 1061 457 1127 531; x_wconf 59' lang='grc' dir='ltr'>ιη</span> 
     </span>
    </p>
   </div>
   <div class='ocr_carea' id='block_1_2' title="bbox 68 589 1239 2993">
    <p class='ocr_par' dir='ltr' id='par_1_2' title="bbox 148 589 1135 910">
     <span class='ocr_line' id='line_1_2' title="bbox 173 589 1135 692; baseline 0.005 -26"><span class='ocrx_word' id='word_1_3' title='bbox 173 591 347 690; x_wconf 85' lang='lat' dir='ltr'>agenarios</span> <span class='ocrx_word' id='word_1_4' title='bbox 367 591 408 664; x_wconf 86' lang='lat' dir='ltr'>de</span> <span class='ocrx_word' id='word_1_5' title='bbox 431 610 538 687; x_wconf 85' lang='lat' dir='ltr'>ponte</span> <span class='ocrx_word' id='word_1_6' title='bbox 559 589 658 687; x_wconf 78' lang='lat' dir='ltr'>dejici</span> <span class='ocrx_word' id='word_1_7' title='bbox 689 609 873 688; x_wconf 79' lang='lat' dir='ltr'>oportere,</span> <span class='ocrx_word' id='word_1_8' title='bbox 891 591 927 664; x_wconf 93' lang='lat' dir='ltr'>id</span> <span class='ocrx_word' id='word_1_9' title='bbox 947 591 1016 685; x_wconf 77' lang='lat' dir='ltr'>etl,</span> <span class='ocrx_word' id='word_1_10' title='bbox 1037 598 1135 692; x_wconf 87' lang='lat' dir='ltr'>quod</span> 
     </span>
     <span class='ocr_line' id='line_1_3' title="bbox 175 699 1135 801; baseline 0.007 -26"><span class='ocrx_word' id='word_1_11' title='bbox 175 702 361 801; x_wconf 85' lang='lat' dir='ltr'>suffragium</span> <span class='ocrx_word' id='word_1_12' title='bbox 388 726 459 775; x_wconf 91' lang='lat' dir='ltr'>non</span> <span class='ocrx_word' id='word_1_13' title='bbox 492 699 619 790; x_wconf 83' lang='lat' dir='ltr'>ferant,</span> <span class='ocrx_word' id='word_1_14' title='bbox 638 702 733 797; x_wconf 89' lang='lat' dir='ltr'>quod</span> <span class='ocrx_word' id='word_1_15' title='bbox 758 726 818 798; x_wconf 86' lang='lat' dir='ltr'>per</span> <span class='ocrx_word' id='word_1_16' title='bbox 840 700 981 801; x_wconf 70' lang='lat' dir='ltr'>pontem</span> <span class='ocrx_word' id='word_1_17' title='bbox 1004 704 1135 782; x_wconf 85' lang='lat' dir='ltr'>fereba-</span> 
     </span>
     <span class='ocr_line' id='line_1_4' title="bbox 148 812 908 910; baseline 0 -25"><span class='ocrx_word' id='word_1_18' title='bbox 148 881 153 900; x_wconf 71' lang='grc'>,</span> <span class='ocrx_word' id='word_1_19' title='bbox 174 832 240 888; x_wconf 89' lang='lat' dir='ltr'>tur.</span> <span class='ocrx_word' id='word_1_20' title='bbox 263 819 372 903; x_wconf 84' lang='lat' dir='ltr'><em>Idem,</em></span> <span class='ocrx_word' id='word_1_21' title='bbox 393 812 627 910; x_wconf 75' lang='lat' dir='ltr'>Sexagtnarios</span> <span class='ocrx_word' id='word_1_22' title='bbox 644 815 681 883; x_wconf 80' lang='lat' dir='ltr'>de</span> <span class='ocrx_word' id='word_1_23' title='bbox 695 837 802 907; x_wconf 79' lang='lat' dir='ltr'>ponte.</span> <span class='ocrx_word' id='word_1_24' title='bbox 903 827 908 834; x_wconf 85' lang='lat'>&#39;</span> 
     </span>
    </p>

    <p class='ocr_par' dir='ltr' id='par_1_3' title="bbox 68 921 1206 1575">
     <span class='ocr_line' id='line_1_5' title="bbox 221 921 1139 1019; baseline 0.005 -22"><span class='ocrx_word' id='word_1_25' title='bbox 221 926 366 1019; x_wconf 79' lang='lat' dir='ltr'>Propter</span> <span class='ocrx_word' id='word_1_26' title='bbox 387 948 439 997; x_wconf 84' lang='lat' dir='ltr'>res</span> <span class='ocrx_word' id='word_1_27' title='bbox 457 924 615 996; x_wconf 87' lang='lat' dir='ltr'>secundas</span> <span class='ocrx_word' id='word_1_28' title='bbox 635 921 769 996; x_wconf 81' lang='lat' dir='ltr'>sublato</span> <span class='ocrx_word' id='word_1_29' title='bbox 783 939 877 997; x_wconf 83' lang='lat' dir='ltr'>metu</span> <span class='ocrx_word' id='word_1_30' title='bbox 898 947 970 1002; x_wconf 92' lang='lat' dir='ltr'>non</span> <span class='ocrx_word' id='word_1_31' title='bbox 988 924 1025 999; x_wconf 88' lang='lat' dir='ltr'>in</span> <span class='ocrx_word' id='word_1_32' title='bbox 1041 951 1139 1002; x_wconf 87' lang='lat' dir='ltr'>com·</span> 
     </span>
     <span class='ocr_line' id='line_1_6' title="bbox 174 1031 1206 1131; baseline 0.005 -26"><span class='ocrx_word' id='word_1_33' title='bbox 174 1057 277 1105; x_wconf 86' lang='lat' dir='ltr'>mune</span> <span class='ocrx_word' id='word_1_34' title='bbox 302 1031 469 1127; x_wconf 65' lang='lat' dir='ltr'>spellam,</span> <span class='ocrx_word' id='word_1_35' title='bbox 488 1031 545 1106; x_wconf 80' lang='lat' dir='ltr'>sed</span> <span class='ocrx_word' id='word_1_36' title='bbox 567 1032 661 1104; x_wconf 84' lang='lat' dir='ltr'>suurn</span> <span class='ocrx_word' id='word_1_37' title='bbox 678 1033 819 1131; x_wconf 83' lang='lat' dir='ltr'>quisque</span> <span class='ocrx_word' id='word_1_38' title='bbox 836 1031 961 1106; x_wconf 80' lang='lat' dir='ltr'>diverli</span> <span class='ocrx_word' id='word_1_39' title='bbox 981 1061 1140 1110; x_wconf 84' lang='lat' dir='ltr'>eommo-</span> <span class='ocrx_word' id='word_1_40' title='bbox 1201 1069 1206 1076; x_wconf 90' lang='lat'>·</span> 
     </span>
     <span class='ocr_line' id='line_1_7' title="bbox 175 1141 1126 1239; baseline 0.002 -24"><span class='ocrx_word' id='word_1_41' title='bbox 175 1143 256 1215; x_wconf 85' lang='lat' dir='ltr'>dunt</span> <span class='ocrx_word' id='word_1_42' title='bbox 282 1141 482 1216; x_wconf 84' lang='lat' dir='ltr'>focillantur.</span> <span class='ocrx_word' id='word_1_43' title='bbox 502 1145 612 1231; x_wconf 81' lang='lat' dir='ltr'>Idem,</span> <span class='ocrx_word' id='word_1_44' title='bbox 626 1147 801 1216; x_wconf 81' lang='lat' dir='ltr'>Focillatur</span> <span class='ocrx_word' id='word_1_45' title='bbox 812 1172 874 1239; x_wconf 85' lang='lat' dir='ltr'>pro</span> <span class='ocrx_word' id='word_1_46' title='bbox 883 1144 986 1237; x_wconf 68' lang='lat' dir='ltr'>fervet.</span> <span class='ocrx_word' id='word_1_47' title='bbox 1120 1193 1126 1208; x_wconf 84' lang='lat'><strong>·</strong></span> 
     </span>
     <span class='ocr_line' id='line_1_8' title="bbox 166 1251 1141 1349; baseline 0.007 -28"><span class='ocrx_word' id='word_1_48' title='bbox 166 1278 170 1285; x_wconf 93' lang='lat'><em>·</em></span> <span class='ocrx_word' id='word_1_49' title='bbox 225 1251 339 1324; x_wconf 88' lang='lat' dir='ltr'>Multo</span> <span class='ocrx_word' id='word_1_50' title='bbox 356 1251 488 1347; x_wconf 77' lang='lat' dir='ltr'>praediti</span> <span class='ocrx_word' id='word_1_51' title='bbox 510 1252 644 1348; x_wconf 87' lang='lat' dir='ltr'>pudore</span> <span class='ocrx_word' id='word_1_52' title='bbox 662 1256 699 1325; x_wconf 81' lang='grc' dir='ltr'>ιιι</span> <span class='ocrx_word' id='word_1_53' title='bbox 723 1254 885 1349; x_wconf 77' lang='lat' dir='ltr'>pudicitia</span> <span class='ocrx_word' id='word_1_54' title='bbox 908 1254 1141 1329; x_wconf 73' lang='lat' dir='ltr'>adolescentes</span> 
     </span>
     <span class='ocr_line' id='line_1_9' title="bbox 68 1362 1142 1466; baseline 0.007 -31"><span class='ocrx_word' id='word_1_55' title='bbox 68 1439 71 1444; x_wconf 75' lang='grc'><em>,</em></span> <span class='ocrx_word' id='word_1_56' title='bbox 180 1363 371 1452; x_wconf 80' lang='lat' dir='ltr'>duxeruut,</span> <span class='ocrx_word' id='word_1_57' title='bbox 392 1389 469 1439; x_wconf 86' lang='lat' dir='ltr'>curn</span> <span class='ocrx_word' id='word_1_58' title='bbox 490 1363 619 1457; x_wconf 78' lang='lat' dir='ltr'>majore</span> <span class='ocrx_word' id='word_1_59' title='bbox 642 1383 735 1461; x_wconf 87' lang='lat' dir='ltr'>parte</span> <span class='ocrx_word' id='word_1_60' title='bbox 755 1364 829 1460; x_wconf 87' lang='lat' dir='ltr'>ejus</span> <span class='ocrx_word' id='word_1_61' title='bbox 845 1368 980 1466; x_wconf 77' lang='lat' dir='ltr'>graduis</span> <span class='ocrx_word' id='word_1_62' title='bbox 997 1369 1039 1441; x_wconf 75' lang='grc' dir='ltr'>δι</span> <span class='ocrx_word' id='word_1_63' title='bbox 1061 1362 1142 1442; x_wconf 80' lang='lat' dir='ltr'>ae&#39;ta·</span> 
     </span>
     <span class='ocr_line' id='line_1_10' title="bbox 178 1471 1128 1575; baseline 0.011 -32"><span class='ocrx_word' id='word_1_64' title='bbox 178 1473 222 1545; x_wconf 89' lang='lat' dir='ltr'>tis</span> <span class='ocrx_word' id='word_1_65' title='bbox 242 1474 404 1572; x_wconf 83' lang='lat' dir='ltr'>stipendia</span> <span class='ocrx_word' id='word_1_66' title='bbox 421 1471 578 1549; x_wconf 69' lang='lat' dir='ltr'>facerent</span> <span class='ocrx_word' id='word_1_67' title='bbox 590 1475 694 1565; x_wconf 74' lang='lat' dir='ltr'>Idem,</span> <span class='ocrx_word' id='word_1_68' title='bbox 716 1477 957 1574; x_wconf 47' lang='lat' dir='ltr'>Gradiuum</span> <span class='ocrx_word' id='word_1_69' title='bbox 968 1486 1095 1575; x_wconf 63' lang='lat' dir='ltr'>padus.</span> <span class='ocrx_word' id='word_1_70' title='bbox 1109 1505 1128 1520; x_wconf 86' lang='lat'>··</span> 
     </span>
    </p>

    <p class='ocr_par' dir='ltr' id='par_1_4' title="bbox 180 1583 1145 1897">
     <span class='ocr_line' id='line_1_11' title="bbox 227 1583 1144 1682; baseline 0.012 -25"><span class='ocrx_word' id='word_1_71' title='bbox 227 1585 276 1657; x_wconf 91' lang='lat' dir='ltr'>Ut</span> <span class='ocrx_word' id='word_1_72' title='bbox 293 1583 406 1656; x_wconf 85' lang='lat' dir='ltr'>noller</span> <span class='ocrx_word' id='word_1_73' title='bbox 422 1584 591 1656; x_wconf 83' lang='lat' dir='ltr'>exercitus</span> <span class='ocrx_word' id='word_1_74' title='bbox 609 1586 654 1656; x_wconf 86' lang='lat' dir='ltr'>ita</span> <span class='ocrx_word' id='word_1_75' title='bbox 675 1585 714 1654; x_wconf 87' lang='lat' dir='ltr'>stt</span> <span class='ocrx_word' id='word_1_76' title='bbox 734 1584 884 1682; x_wconf 80' lang='lat' dir='ltr'>fugatus,</span> <span class='ocrx_word' id='word_1_77' title='bbox 902 1612 940 1662; x_wconf 90' lang='lat' dir='ltr'>ut</span> <span class='ocrx_word' id='word_1_78' title='bbox 960 1590 1054 1666; x_wconf 86' lang='lat' dir='ltr'>Galli</span> <span class='ocrx_word' id='word_1_79' title='bbox 1067 1596 1144 1667; x_wconf 79' lang='lat' dir='ltr'>Ro·</span> 
     </span>
     <span class='ocr_line' id='line_1_12' title="bbox 180 1692 1145 1792; baseline 0.005 -27"><span class='ocrx_word' id='word_1_80' title='bbox 180 1719 264 1776; x_wconf 79' lang='lat' dir='ltr'>rnae,</span> <span class='ocrx_word' id='word_1_81' title='bbox 278 1694 338 1764; x_wconf 84' lang='lat' dir='ltr'>uisi</span> <span class='ocrx_word' id='word_1_82' title='bbox 351 1692 517 1787; x_wconf 83' lang='lat' dir='ltr'>Capitolii</span> <span class='ocrx_word' id='word_1_83' title='bbox 538 1692 600 1765; x_wconf 89' lang='lat' dir='ltr'>srnt</span> <span class='ocrx_word' id='word_1_84' title='bbox 622 1693 747 1787; x_wconf 84' lang='lat' dir='ltr'>potiti,</span> <span class='ocrx_word' id='word_1_85' title='bbox 760 1720 872 1792; x_wconf 80' lang='lat' dir='ltr'>neque</span> <span class='ocrx_word' id='word_1_86' title='bbox 885 1697 965 1772; x_wconf 78' lang='lat' dir='ltr'>inde</span> <span class='ocrx_word' id='word_1_87' title='bbox 986 1723 1063 1778; x_wconf 80' lang='lat' dir='ltr'>ante</span> <span class='ocrx_word' id='word_1_88' title='bbox 1088 1708 1145 1778; x_wconf 74' lang='lat' dir='ltr'>sex</span> 
     </span>
     <span class='ocr_line' id='line_1_13' title="bbox 180 1798 1036 1897; baseline 0.011 -23"><span class='ocrx_word' id='word_1_89' title='bbox 180 1799 310 1874; x_wconf 84' lang='lat' dir='ltr'>menses</span> <span class='ocrx_word' id='word_1_90' title='bbox 331 1798 495 1873; x_wconf 83' lang='lat' dir='ltr'>cefferint</span> <span class='ocrx_word' id='word_1_91' title='bbox 509 1802 1036 1897; x_wconf 67' lang='lat' dir='ltr'>Idem,Geprt1rusproublatiro.</span> 
     </span>
    </p>

    <p class='ocr_par' dir='ltr' id='par_1_5' title="bbox 183 1910 1147 2117">
     <span class='ocr_line' id='line_1_14' title="bbox 228 1910 1147 2044; baseline 0.014 -61"><span class='ocrx_word' id='word_1_92' title='bbox 228 1917 298 1983; x_wconf 85' lang='lat' dir='ltr'>Aut</span> <span class='ocrx_word' id='word_1_93' title='bbox 309 1910 422 2008; x_wconf 83' lang='lat' dir='ltr'>aliqua</span> <span class='ocrx_word' id='word_1_94' title='bbox 436 1936 479 1984; x_wconf 79' lang='lat' dir='ltr'>ex</span> <span class='ocrx_word' id='word_1_95' title='bbox 493 1914 679 2011; x_wconf 82' lang='lat' dir='ltr'>argentaria</span> <span class='ocrx_word' id='word_1_96' title='bbox 692 1911 840 2004; x_wconf 88' lang='lat' dir='ltr'>trutina,</span> <span class='ocrx_word' id='word_1_97' title='bbox 853 1934 910 1992; x_wconf 82' lang='lat' dir='ltr'>aut</span> <span class='ocrx_word' id='word_1_98' title='bbox 930 1916 1040 2044; x_wconf 71' lang='lat' dir='ltr'>lingua</span> <span class='ocrx_word' id='word_1_99' title='bbox 1060 1945 1147 2019; x_wconf 86' lang='lat' dir='ltr'>peu·</span> 
     </span>
     <span class='ocr_line' id='line_1_15' title="bbox 183 2017 993 2124; baseline 0.007 -31"><span class='ocrx_word' id='word_1_100' title='bbox 183 2017 255 2124; x_wconf 84' lang='lat' dir='ltr'>sum</span> <span class='ocrx_word' id='word_1_101' title='bbox 279 2045 349 2117; x_wconf 80' lang='lat' dir='ltr'>pra</span> <span class='ocrx_word' id='word_1_102' title='bbox 371 2020 404 2092; x_wconf 79' lang='lat' dir='ltr'>le</span> <span class='ocrx_word' id='word_1_103' title='bbox 418 2045 538 2096; x_wconf 85' lang='lat' dir='ltr'>omnes</span> <span class='ocrx_word' id='word_1_104' title='bbox 561 2020 697 2097; x_wconf 83' lang='lat' dir='ltr'>ferrent.</span> <span class='ocrx_word' id='word_1_105' title='bbox 719 2028 826 2110; x_wconf 80' lang='lat' dir='ltr'>Idem,</span> <span class='ocrx_word' id='word_1_106' title='bbox 846 2027 877 2096; x_wconf 87' lang='lat' dir='ltr'><strong><em>T</em></strong></span> <span class='ocrx_word' id='word_1_107' title='bbox 875 2050 993 2100; x_wconf 70' lang='lat' dir='ltr'>rutena</span> 
     </span>
    </p>

    <p class='ocr_par' dir='ltr' id='par_1_6' title="bbox 184 2121 1239 2560">
     <span class='ocr_line' id='line_1_16' title="bbox 230 2121 1239 2260; baseline 0.007 -55"><span class='ocrx_word' id='word_1_108' title='bbox 230 2132 314 2205; x_wconf 85' lang='lat' dir='ltr'>Auri</span> <span class='ocrx_word' id='word_1_109' title='bbox 330 2134 451 2229; x_wconf 93' lang='lat' dir='ltr'>pondo</span> <span class='ocrx_word' id='word_1_110' title='bbox 469 2134 539 2207; x_wconf 93' lang='lat' dir='ltr'>duo</span> <span class='ocrx_word' id='word_1_111' title='bbox 557 2132 661 2206; x_wconf 88' lang='lat' dir='ltr'>millia</span> <span class='ocrx_word' id='word_1_112' title='bbox 679 2157 878 2260; x_wconf 86' lang='lat' dir='ltr'>acceperant</span> <span class='ocrx_word' id='word_1_113' title='bbox 894 2160 935 2207; x_wconf 86' lang='lat' dir='ltr'>ex</span> <span class='ocrx_word' id='word_1_114' title='bbox 952 2137 1081 2211; x_wconf 77' lang='lat' dir='ltr'>adibus</span> <span class='ocrx_word' id='word_1_115' title='bbox 1098 2139 1147 2213; x_wconf 85' lang='lat' dir='ltr'>sa·</span> <span class='ocrx_word' id='word_1_116' title='bbox 1235 2121 1239 2134; x_wconf 59' lang='grc'>’</span> 
     </span>
     <span class='ocr_line' id='line_1_17' title="bbox 184 2242 1150 2344; baseline 0.005 -26"><span class='ocrx_word' id='word_1_117' title='bbox 184 2242 251 2318; x_wconf 85' lang='lat' dir='ltr'>cris</span> <span class='ocrx_word' id='word_1_118' title='bbox 272 2245 310 2316; x_wconf 73' lang='grc' dir='ltr'>δι</span> <span class='ocrx_word' id='word_1_119' title='bbox 331 2262 562 2316; x_wconf 81' lang='lat' dir='ltr'>matronarum</span> <span class='ocrx_word' id='word_1_120' title='bbox 585 2243 815 2333; x_wconf 80' lang='lat' dir='ltr'>ornamentis,</span> <span class='ocrx_word' id='word_1_121' title='bbox 833 2271 858 2317; x_wconf 75' lang='lat' dir='ltr'>a</span> <span class='ocrx_word' id='word_1_122' title='bbox 882 2246 1006 2344; x_wconf 81' lang='lat' dir='ltr'>quibus</span> <span class='ocrx_word' id='word_1_123' title='bbox 1038 2250 1150 2343; x_wconf 78' lang='lat' dir='ltr'>postea</span> 
     </span>
     <span class='ocr_line' id='line_1_18' title="bbox 184 2351 1150 2451; baseline 0.01 -27"><span class='ocrx_word' id='word_1_124' title='bbox 184 2351 221 2424; x_wconf 93' lang='lat' dir='ltr'>id</span> <span class='ocrx_word' id='word_1_125' title='bbox 235 2362 377 2442; x_wconf 84' lang='lat' dir='ltr'>aurum,</span> <span class='ocrx_word' id='word_1_126' title='bbox 396 2356 434 2428; x_wconf 73' lang='grc' dir='ltr'>δι</span> <span class='ocrx_word' id='word_1_127' title='bbox 451 2374 589 2451; x_wconf 84' lang='lat' dir='ltr'>torques</span> <span class='ocrx_word' id='word_1_128' title='bbox 610 2381 721 2428; x_wconf 78' lang='lat' dir='ltr'>aurea</span> <span class='ocrx_word' id='word_1_129' title='bbox 740 2357 855 2434; x_wconf 65' lang='lat' dir='ltr'>multe</span> <span class='ocrx_word' id='word_1_130' title='bbox 872 2358 990 2432; x_wconf 79' lang='lat' dir='ltr'>velata</span> <span class='ocrx_word' id='word_1_131' title='bbox 1004 2360 1150 2434; x_wconf 83' lang='lat' dir='ltr'>Romani</span> 
     </span>
     <span class='ocr_line' id='line_1_19' title="bbox 187 2462 826 2560; baseline -0.003 -23"><span class='ocrx_word' id='word_1_132' title='bbox 187 2483 288 2560; x_wconf 83' lang='lat' dir='ltr'>atque</span> <span class='ocrx_word' id='word_1_133' title='bbox 306 2486 373 2533; x_wconf 91' lang='lat' dir='ltr'>con</span> <span class='ocrx_word' id='word_1_134' title='bbox 378 2462 521 2536; x_wconf 81' lang='lat' dir='ltr'>s.ecratae</span> <span class='ocrx_word' id='word_1_135' title='bbox 545 2469 826 2559; x_wconf 79' lang='lat' dir='ltr'>Idem,1&#39;orques</span> 
     </span>
    </p>

    <p class='ocr_par' dir='ltr' id='par_1_7' title="bbox 186 2571 1152 2778">
     <span class='ocr_line' id='line_1_20' title="bbox 233 2571 1152 2671; baseline -0.005 -25"><span class='ocrx_word' id='word_1_136' title='bbox 233 2573 392 2671; x_wconf 85' lang='lat' dir='ltr'>Delphos</span> <span class='ocrx_word' id='word_1_137' title='bbox 422 2573 577 2663; x_wconf 82' lang='lat' dir='ltr'>Apollini</span> <span class='ocrx_word' id='word_1_138' title='bbox 604 2598 744 2644; x_wconf 84' lang='lat' dir='ltr'>munera</span> <span class='ocrx_word' id='word_1_139' title='bbox 771 2571 883 2658; x_wconf 73' lang='lat' dir='ltr'>milla,</span> <span class='ocrx_word' id='word_1_140' title='bbox 901 2589 1032 2642; x_wconf 87' lang='lat' dir='ltr'>corona</span> <span class='ocrx_word' id='word_1_141' title='bbox 1052 2592 1152 2654; x_wconf 74' lang='lat' dir='ltr'>aurea</span> 
     </span>
     <span class='ocr_line' id='line_1_21' title="bbox 186 2679 1153 2788; baseline -0.006 -36"><span class='ocrx_word' id='word_1_142' title='bbox 186 2682 306 2778; x_wconf 90' lang='lat' dir='ltr'>pondo</span> <span class='ocrx_word' id='word_1_143' title='bbox 323 2679 516 2755; x_wconf 81' lang='lat' dir='ltr'>decenrirm.</span> <span class='ocrx_word' id='word_1_144' title='bbox 529 2683 681 2762; x_wconf 81' lang='lat' dir='ltr'>Nonius</span> <span class='ocrx_word' id='word_1_145' title='bbox 695 2682 819 2752; x_wconf 81' lang='lat' dir='ltr'>Pondu</span> <span class='ocrx_word' id='word_1_146' title='bbox 833 2682 948 2788; x_wconf 84' lang='lat' dir='ltr'>Jidrx</span> <span class='ocrx_word' id='word_1_147' title='bbox 961 2678 1153 2750; x_wconf 81' lang='lat' dir='ltr'>librotmio.</span> 
     </span>
    </p>

    <p class='ocr_par' dir='ltr' id='par_1_8' title="bbox 189 2763 1153 2993">
     <span class='ocr_line' id='line_1_22' title="bbox 234 2763 1153 2892; baseline -0.004 -32"><span class='ocrx_word' id='word_1_148' title='bbox 234 2777 353 2861; x_wconf 82' lang='lat' dir='ltr'>Nihilo</span> <span class='ocrx_word' id='word_1_149' title='bbox 370 2789 473 2884; x_wconf 82' lang='lat' dir='ltr'>magis</span> <span class='ocrx_word' id='word_1_150' title='bbox 490 2808 628 2884; x_wconf 90' lang='lat' dir='ltr'>propter</span> <span class='ocrx_word' id='word_1_151' title='bbox 645 2791 773 2892; x_wconf 82' lang='lat' dir='ltr'>argenti</span> <span class='ocrx_word' id='word_1_152' title='bbox 795 2788 871 2860; x_wconf 75' lang='lat' dir='ltr'>faui</span> <span class='ocrx_word' id='word_1_153' title='bbox 885 2763 1153 2886; x_wconf 69' lang='lat' dir='ltr'>multitudinem,</span> 
     </span>
     <span class='ocr_line' id='line_1_23' title="bbox 189 2891 1153 2993; baseline -0.002 -25"><span class='ocrx_word' id='word_1_154' title='bbox 189 2896 317 2970; x_wconf 80' lang='lat' dir='ltr'>miserat</span> <span class='ocrx_word' id='word_1_155' title='bbox 327 2896 522 2971; x_wconf 87' lang='lat' dir='ltr'>furandum</span> <span class='ocrx_word' id='word_1_156' title='bbox 530 2899 625 2993; x_wconf 89' lang='lat' dir='ltr'>quod</span> <span class='ocrx_word' id='word_1_157' title='bbox 635 2921 773 2992; x_wconf 84' lang='lat' dir='ltr'>propter</span> <span class='ocrx_word' id='word_1_158' title='bbox 785 2898 982 2970; x_wconf 67' lang='lat' dir='ltr'>centornm</span> <span class='ocrx_word' id='word_1_159' title='bbox 998 2891 1153 2976; x_wconf 75' lang='lat' dir='ltr'>severita-</span> 
     </span>
    </p>
   </div>
   <div class='ocr_carea' id='block_1_3' title="bbox 114 2995 1155 3218">
    <p class='ocr_par' dir='ltr' id='par_1_9' title="bbox 114 2995 1152 3211">
     <span class='ocr_line' id='line_1_24' title="bbox 114 2995 1152 3086; baseline -0.004 -8"><span class='ocrx_word' id='word_1_160' title='bbox 114 3035 117 3040; x_wconf 92' lang='grc'><em>·</em></span> <span class='ocrx_word' id='word_1_161' title='bbox 190 3026 257 3078; x_wconf 87' lang='lat' dir='ltr'>tem</span> <span class='ocrx_word' id='word_1_162' title='bbox 272 3007 358 3079; x_wconf 86' lang='lat' dir='ltr'>nihil</span> <span class='ocrx_word' id='word_1_163' title='bbox 372 2995 585 3079; x_wconf 82' lang='lat' dir='ltr'>luxuriosurn</span> <span class='ocrx_word' id='word_1_164' title='bbox 602 3008 724 3081; x_wconf 81' lang='lat' dir='ltr'>habere</span> <span class='ocrx_word' id='word_1_165' title='bbox 744 3009 882 3086; x_wconf 82' lang='lat' dir='ltr'>licebat</span> <span class='ocrx_word' id='word_1_166' title='bbox 894 3011 947 3080; x_wconf 87' lang='lat' dir='ltr'>Id.</span> <span class='ocrx_word' id='word_1_167' title='bbox 968 3009 1152 3080; x_wconf 68' lang='lat' dir='ltr'>Multitudo.</span> 
     </span>
     <span class='ocr_line' id='line_1_25' title="bbox 221 3110 1155 3218; baseline -0.003 -33.888"><span class='ocrx_word' id='word_1_168' title='bbox 221 3114 335 3208; x_wconf 87' lang='lat' dir='ltr'>Qua</span> <span class='ocrx_word' id='word_1_169' title='bbox 351 3113 605 3187; x_wconf 88' lang='lat' dir='ltr'>abllinentia</span> <span class='ocrx_word' id='word_1_170' title='bbox 570 3142 638 3187; x_wconf 80' lang='lat' dir='ltr'>vrrs</span> <span class='ocrx_word' id='word_1_171' title='bbox 628 3113 877 3211; x_wconf 85' lang='lat' dir='ltr'>mulieresque</span> <span class='ocrx_word' id='word_1_172' title='bbox 897 3113 1062 3182; x_wconf 73' lang='lat' dir='ltr'>Romanae</span> <span class='ocrx_word' id='word_1_173' title='bbox 1081 3110 1155 3218; x_wconf 73' lang='lat' dir='ltr'>sup·</span> 
     </span>
    </p>
   </div>
   <div class='ocr_carea' id='block_1_4' title="bbox 191 3217 1160 3981">
    <p class='ocr_par' dir='ltr' id='par_1_10' title="bbox 191 3217 1156 3432">
     <span class='ocr_line' id='line_1_26' title="bbox 191 3217 1156 3323; baseline -0.001 -29"><span class='ocrx_word' id='word_1_174' title='bbox 191 3222 285 3312; x_wconf 89' lang='lat' dir='ltr'>rint,</span> <span class='ocrx_word' id='word_1_175' title='bbox 310 3223 441 3318; x_wconf 90' lang='lat' dir='ltr'>quoda</span> <span class='ocrx_word' id='word_1_176' title='bbox 464 3249 541 3323; x_wconf 87' lang='lat' dir='ltr'>rege</span> <span class='ocrx_word' id='word_1_177' title='bbox 562 3250 700 3297; x_wconf 89' lang='lat' dir='ltr'>munera</span> <span class='ocrx_word' id='word_1_178' title='bbox 726 3249 847 3302; x_wconf 78' lang='lat' dir='ltr'>eorum</span> <span class='ocrx_word' id='word_1_179' title='bbox 873 3217 1022 3292; x_wconf 86' lang='lat' dir='ltr'>noluerit</span> <span class='ocrx_word' id='word_1_180' title='bbox 1052 3243 1156 3294; x_wconf 86' lang='lat' dir='ltr'>nemo</span> 
     </span>
     <span class='ocr_line' id='line_1_27' title="bbox 191 3330 894 3432; baseline -0.003 -28"><span class='ocrx_word' id='word_1_181' title='bbox 191 3330 357 3427; x_wconf 83' lang='lat' dir='ltr'>accipere.</span> <span class='ocrx_word' id='word_1_182' title='bbox 370 3335 456 3404; x_wconf 82' lang='lat' dir='ltr'>Idem</span> <span class='ocrx_word' id='word_1_183' title='bbox 461 3338 650 3432; x_wconf 75' lang='lat' dir='ltr'>‚Negatina</span> <span class='ocrx_word' id='word_1_184' title='bbox 662 3337 730 3405; x_wconf 78' lang='lat' dir='ltr'>dua</span> <span class='ocrx_word' id='word_1_185' title='bbox 745 3360 803 3428; x_wconf 81' lang='lat' dir='ltr'>pro</span> <span class='ocrx_word' id='word_1_186' title='bbox 816 3357 894 3403; x_wconf 82' lang='lat' dir='ltr'>una.</span> 
     </span>
    </p>

    <p class='ocr_par' dir='ltr' id='par_1_11' title="bbox 191 3415 1155 3869">
     <span class='ocr_line' id='line_1_28' title="bbox 238 3415 1155 3540; baseline -0.002 -27"><span class='ocrx_word' id='word_1_187' title='bbox 238 3441 473 3536; x_wconf 84' lang='lat' dir='ltr'>Quibuscum</span> <span class='ocrx_word' id='word_1_188' title='bbox 495 3462 594 3538; x_wconf 88' lang='lat' dir='ltr'>turpe</span> <span class='ocrx_word' id='word_1_189' title='bbox 616 3438 766 3514; x_wconf 84' lang='lat' dir='ltr'>fecerant</span> <span class='ocrx_word' id='word_1_190' title='bbox 788 3436 901 3538; x_wconf 80' lang='lat' dir='ltr'>foedus</span> <span class='ocrx_word' id='word_1_191' title='bbox 922 3415 998 3509; x_wconf 88' lang='lat' dir='ltr'>fine</span> <span class='ocrx_word' id='word_1_192' title='bbox 995 3436 1155 3540; x_wconf 22' lang='lat' dir='ltr'>*publiep</span> 
     </span>
     <span class='ocr_line' id='line_1_29' title="bbox 191 3537 1157 3668; baseline -0.004 -42"><span class='ocrx_word' id='word_1_193' title='bbox 191 3551 356 3638; x_wconf 73' lang='lat' dir='ltr'>conlido,</span> <span class='ocrx_word' id='word_1_194' title='bbox 369 3552 533 3625; x_wconf 84' lang='lat' dir='ltr'>dederunt</span> <span class='ocrx_word' id='word_1_195' title='bbox 549 3550 636 3623; x_wconf 85' lang='lat' dir='ltr'>hosti</span> <span class='ocrx_word' id='word_1_196' title='bbox 650 3569 853 3668; x_wconf 84' lang='lat' dir='ltr'>,quotqupt</span> <span class='ocrx_word' id='word_1_197' title='bbox 851 3537 887 3588; x_wconf 62' lang='grc' dir='ltr'>ἰ</span> <span class='ocrx_word' id='word_1_198' title='bbox 901 3545 1030 3664; x_wconf 83' lang='lat' dir='ltr'>Decips</span> <span class='ocrx_word' id='word_1_199' title='bbox 1044 3551 1157 3652; x_wconf 81' lang='lat' dir='ltr'>Impe-</span> 
     </span>
     <span class='ocr_line' id='line_1_30' title="bbox 193 3623 1158 3770; baseline 0 -37"><span class='ocrx_word' id='word_1_200' title='bbox 193 3682 286 3735; x_wconf 82' lang='lat' dir='ltr'>rator</span> <span class='ocrx_word' id='word_1_201' title='bbox 307 3685 372 3759; x_wconf 90' lang='lat' dir='ltr'>pro</span> <span class='ocrx_word' id='word_1_202' title='bbox 398 3661 538 3736; x_wconf 85' lang='lat' dir='ltr'>exercitt</span> <span class='ocrx_word' id='word_1_203' title='bbox 527 3660 655 3734; x_wconf 84' lang='lat' dir='ltr'>salute</span> <span class='ocrx_word' id='word_1_204' title='bbox 683 3655 716 3731; x_wconf 91' lang='lat' dir='ltr'>se</span> <span class='ocrx_word' id='word_1_205' title='bbox 739 3653 814 3733; x_wconf 89' lang='lat' dir='ltr'>Dis</span> <span class='ocrx_word' id='word_1_206' title='bbox 812 3623 982 3768; x_wconf 79' lang='grc' dir='ltr'>ιιιιιιιιιιιι</span> <span class='ocrx_word' id='word_1_207' title='bbox 1000 3627 1158 3770; x_wconf 83' lang='lat' dir='ltr'>devovit.</span> 
     </span>
     <span class='ocr_line' id='line_1_31' title="bbox 194 3761 705 3869; baseline -0.002 -25"><span class='ocrx_word' id='word_1_208' title='bbox 194 3761 303 3862; x_wconf 79' lang='lat' dir='ltr'>Idem,</span> <span class='ocrx_word' id='word_1_209' title='bbox 315 3774 529 3869; x_wconf 78' lang='lat' dir='ltr'>Exercitipro</span> <span class='ocrx_word' id='word_1_210' title='bbox 542 3773 705 3845; x_wconf 75' lang='lat' dir='ltr'>exercitus.</span> 
     </span>
    </p>

    <p class='ocr_par' dir='ltr' id='par_1_12' title="bbox 242 3826 1160 3981">
     <span class='ocr_line' id='line_1_32' title="bbox 242 3826 1160 3981; baseline -0.012 -24"><span class='ocrx_word' id='word_1_211' title='bbox 242 3826 321 3960; x_wconf 74' lang='lat' dir='ltr'>ilde</span> <span class='ocrx_word' id='word_1_212' title='bbox 340 3883 526 3959; x_wconf 83' lang='lat' dir='ltr'>intervallo</span> <span class='ocrx_word' id='word_1_213' title='bbox 542 3883 687 3981; x_wconf 86' lang='lat' dir='ltr'>primum</span> <span class='ocrx_word' id='word_1_214' title='bbox 705 3849 848 3956; x_wconf 77' lang='lat' dir='ltr'>furentis</span> <span class='ocrx_word' id='word_1_215' title='bbox 865 3875 1009 3973; x_wconf 82' lang='lat' dir='ltr'>dignitas</span> <span class='ocrx_word' id='word_1_216' title='bbox 1023 3871 1160 3967; x_wconf 80' lang='lat' dir='ltr'>crevit,</span> 
     </span>
    </p>
   </div>
   <div class='ocr_carea' id='block_1_5' title="bbox 879 3989 962 4081">
    <p class='ocr_par' dir='ltr' id='par_1_13' title="bbox 879 3989 962 4081">
     <span class='ocr_line' id='line_1_33' title="bbox 879 3989 962 4081; baseline 0 -20"><span class='ocrx_word' id='word_1_217' title='bbox 879 3989 962 4081; x_wconf 78' lang='lat'>02</span> 
     </span>
    </p>
   </div>
   <div class='ocr_carea' id='block_1_6' title="bbox 0 0 1454 4567">
    <p class='ocr_par' dir='ltr' id='par_1_14' title="bbox 0 0 1454 4567">
     <span class='ocr_line' id='line_1_34' title="bbox 0 0 1454 4567; baseline 0 0"><span class='ocrx_word' id='word_1_218' title='bbox 0 0 1454 4567; x_wconf 95' lang='lat' dir='ltr'> </span> 
     </span>
    </p>
   </div>
  </div>
 </body>
</html>
