2834 4567
456 54 473 87 Ν

235 366 238 371 ,
351 254 1132 396 instituturum

173 455 303 521 stolarum
316 457 352 519 ad
364 459 488 521 Amicum
504 454 672 517 notiffimum
691 453 741 519 est.
756 455 876 518 Videtur
894 474 986 518 auteur
1004 454 1057 519 elle
1074 478 1140 537 pat·

175 543 280 616 oemia,
298 541 377 615 cujus
398 535 547 619 aptiffimus
562 536 633 612 usus,
649 558 713 598 cum
735 539 855 618 graviori
870 559 955 598 onere
975 542 1139 619 quempiam

176 622 347 695 relaxamus,
365 620 412 680 vel
427 639 491 677 curn
513 619 690 678 adhortamur
706 619 804 694 adid,
819 618 854 679 ad
870 620 978 699 quoda
994 639 1089 679 natura
1105 619 1139 682 fir

175 720 254 782 aptus
269 700 424 784 fallusque,
440 720 471 758 ur
486 699 604 759 docilem
622 698 659 758 ad
673 699 780 773 literas,
799 700 989 760 verecundum
1003 701 1039 760 ad
1055 699 1139 760 casti·

175 796 275 849 tatem..
289 782 367 842 facile
388 783 462 840 enim
481 779 520 841 est
545 796 724 849 currentem,
743 798 774 839 ut
794 781 890 854 ajunt,
916 783 1039 843 incitate.
1057 781 1139 863 Argo

175 866 255 923 navis
270 861 321 923 fuit
343 859 437 944 insigni
456 862 613 933 celeritate,
631 882 716 939 aqua
735 880 840 921 nomen
859 861 951 924 habet.
967 882 1033 922 nam
1046 862 1138 946 ἀργὴν

175 944 293 1005 celerem
309 940 417 1003 veteres
437 943 569 1003 dixerunt.
592 940 717 1004 Catullus
728 940 763 1001 de
780 941 964 1024 Argonautis:

216 1025 288 1103 Aust
299 1025 365 1102 firm
384 1028 456 1082 vada
471 1022 548 1102 salsa
568 1022 622 1082 cira
642 1025 769 1083 decurrere
785 1025 878 1103 puppi.

217 1102 398 1185 Aridelum]
413 1105 568 1164 Andabatae
589 1123 666 1164 erant
686 1102 866 1184 gladiatores,
881 1104 927 1184 qui
945 1125 980 1165 ex
996 1105 1072 1187 equis
1088 1126 1140 1187 pu.

175 1185 300 1268 gnabant
326 1186 411 1247 oculis
437 1184 548 1258 claulis,
570 1184 617 1245 vel
641 1188 730 1267 capite
754 1200 869 1265 operto,
886 1206 921 1246 ne
939 1185 1006 1246 alter
1025 1186 1141 1247 alterum

176 1265 265 1347 pollet
281 1287 402 1328 cernere.
420 1266 493 1326 unde
509 1266 615 1347 vulgari
631 1265 783 1346 proverbio
793 1263 829 1324 fic
840 1266 984 1336 dicuntur,
995 1270 1041 1348 qui
1056 1286 1143 1329 teme.

176 1349 249 1408 tatia
258 1365 341 1431 atque
358 1346 557 1408 inconsiderata
565 1344 744 1407 contentione
753 1347 781 1403 in
793 1365 853 1406 rem
867 1349 1026 1429 quampiam
1036 1349 1158 1419 incunt-st

176 1427 263 1503 bunt3
277 1430 352 1490 velut
366 1430 412 1509 qui
430 1430 545 1487 honoris
562 1428 594 1488 δι
605 1428 696 1504 gloriae
715 1424 876 1505 cupiditate,
890 1450 936 1487 aut
954 1449 1050 1490 amore
1068 1430 1143 1491 divi·

175 1511 275 1568 riarum
295 1507 372 1589 quast
383 1508 533 1578 occaecati,
547 1507 581 1566 de
591 1510 628 1564 iis
642 1507 774 1567 acerrime
791 1507 960 1568 contendunt
976 1512 1045 1570 inter
1064 1508 1092 1572 se
1109 1513 1144 1576 δι
1181 1524 1185 1531 ’

176 1588 372 1670 digladiantur:
388 1608 459 1667 quos
471 1587 638 1646 laceratum
648 1586 808 1725 Menippea.

219 1671 256 1727 Tl
275 1665 326 1730 rod
345 1666 478 1749 repleret]
501 1667 542 1727 lta
556 1665 715 1726 emendavit
755 1664 845 1747 iplius.
862 1666 944 1727 telle.
964 1666 1058 1729 Vario
1075 1669 1145 1731 allo·

178 1749 270 1830 quitur
290 1748 469 1809 Andabaram
478 1794 487 1823 ,
497 1749 542 1827 qui
556 1748 584 1807 in
600 1765 692 1829 pugna
704 1745 825 1808 frontem
841 1746 873 1808 dt
883 1747 979 1810 oculos
993 1746 1083 1809 tellus
1097 1768 1145 1830 ga·
1184 1752 1189 1763 “

179 1830 245 1903 lea,
261 1849 312 1890 nec
334 1830 424 1889 minus
438 1847 529 1888 tamen
553 1828 594 1888 lris
614 1826 725 1889 detellis
740 1829 867 1889 caecutlt:
886 1828 951 1908 quia
969 1850 1086 1905 aurum,
1102 1832 1145 1901 in2

134 1966 138 1974 .
180 1911 258 1992 quit,
272 1930 329 1970 non
348 1912 438 1969 minus
458 1928 578 1970 utaecat
596 1909 706 1982 oculos,
717 1930 801 1989 quam
812 1926 858 1969 tua
868 1910 926 1969 ltaee
936 1910 1024 1991 galea.

222 1992 344 2071 AEdepol
357 1992 459 2071 idem]
480 1989 604 2072 Usut'pat·
617 1989 704 2052 Plauti
720 1988 831 2052 versum
841 1990 870 2048 itt
883 1989 990 2052 Milite:

221 2068 299 2153 Quid
307 2070 388 2154 jam?
402 2074 466 2153 quia
478 2072 630 2153 lusciosus?
646 2065 750 2133 verbero
769 2071 870 2154 aupol
884 2087 913 2130 tu
928 2074 1031 2153 quidem
1047 2092 1147 2159 taturi
1230 2068 1245 2116 ·'

365 2174 416 2213 nort
438 2155 466 2213 lu
479 2156 575 2231 cr'ofirs.
985 2158 989 2162 “
1030 2210 1033 2216 ,
1071 2196 1072 2199 ,
1127 2186 1138 2209 ·.

221 2235 354 2296 Mortales
380 2156 492 2313 multis]
513 2234 632 2294 Videtur
655 2232 766 2306 dicere,
784 2233 891 2294 variam
915 2233 947 2296 dt
965 2232 1146 2301 intestabilem

180 2315 235 2379 elle
254 2318 320 2377 vitae
336 2314 526 2386 rationem,&
545 2315 599 2379 vel'
608 2314 717 2373 incertis
734 2312 851 2374 fomunae
869 2317 993 2390 eventis,
1009 2316 1054 2377 vel
1069 2337 1147 2381 caeco

180 2399 284 2478 impetu
305 2396 486 2475 cupiditatum
506 2395 642 2466 homines¹
653 2394 708 2454 lruc
731 2394 762 2455 δι
779 2393 840 2453 illuc
858 2395 915 2474 rapi
932 2411 1014 2477 atque
1034 2399 1157 2479 impellis⁴

180 2477 251 2540 Illud
267 2496 358 2538 autem
373 2476 460 2556 rurfits
476 2491 510 2536 ac
520 2477 646 2556 prorsus,
661 2494 748 2557 genus
762 2476 912 2536 locutionis
926 2477 1043 2556 antiquis
1064 2476 1147 2539 usita-

181 2579 262 2627 tum,
279 2559 398 2617 sormam
410 2557 548 2638 quandam
559 2556 642 2617 habet
655 2555 805 2636 proverbii.
823 2550 926 2619 Eunus
942 2552 1146 2641 Andromeda}

225 2638 327 2717 Rursus
339 2640 444 2719 prorsus
463 2638 602 2717 reciprocat
618 2640 714 2713 fluidus
729 2635 826 2718 serem.
1225 2633 1229 2640 ’

180 2718 293 2783 Plautus
308 2719 529 2801 Amphitruone:

154 2804 157 2811 ‘
226 2801 287 2882 Ego
307 2822 390 2861 curras
410 2799 536 2878 rereffim,
555 2800 654 2882 rursrurr
671 2800 791 2881 prorsum
811 2800 922 2863 trahere.

182 2879 331 2943 Terentius
350 2882 483 2965 Hecyra:
516 2903 541 2943 π’
1027 2938 1029 2941 ,
1121 2945 1146 2956 -.

226 2957 301 3023 Tace.
324 2966 446 3043 trepidari
460 2965 567 3045 sentio,
589 2963 616 3023 d·
636 2961 734 3042 cursari
754 2965 853 3043 rurfitm
871 2962 995 3043 prorsum.
1127 2975 1130 2981 ’

184 3040 262 3122 Quae
275 3045 363 3104 verba
377 3046 516 3124 explicent
529 3043 678 3117 Donatus,
695 3046 826 3125 Rursum,
842 3045 928 3125 inquit
938 3084 947 3116 ,
959 3041 1060 3123 proprie
1074 3061 1149 3120 retro,

182 3125 298 3205 prorfirm
315 3143 375 3183 ante
401 3127 537 3205 rgnificat:
551 3128 578 3186 δ’
590 3127 624 3205 est
636 3125 814 3204 proverbiale,
824 3126 896 3204 ficut
906 3124 1027 3201 dicimus,
1041 3125 1150 3207 Sursum

186 3205 317 3285 dtorstrm,
332 3208 410 3265 Retro
424 3206 522 3283 firras,
537 3208 600 3267 Hac
616 3206 689 3265 tlta‘c.
709 3203 866 3285 Euripides}
1078 3223 1081 3228 ’
1131 3216 1137 3226 “

228 3284 361 3361 Φέρουσιν
382 3284 448 3347 ud&
470 3286 495 3347 οἱ
515 3286 575 3349 aral
596 3284 723 3353 aarum
743 3285 920 3367 uul'mplcu.

228 3366 297 3427 Huc
317 3369 384 3426 enim
404 3368 457 3426 Dii
471 3368 574 3448 ,rurfirm
594 3390 627 3426 ac
643 3369 760 3449 prorsum
781 3366 893 3447 miscent.

187 3447 280 3530 Quod
294 3444 423 3509 Erasmus
441 3466 540 3530 purum
555 3446 626 3532 reule
643 3450 744 3520 vertit,
762 3439 869 3531 Su'rsum
887 3449 1013 3533 deorsum.
1057 3496 1062 3511 .

553 3564 685 3660 Pagina
703 3572 785 3663 263.

229 3700 288 3760 Nec
303 3717 397 3757 manus
410 3692 518 3779 uisum]
537 3692 675 3755 Dicuntur
694 3677 792 3766 manus¹
801 3693 880 3757 visco
891 3690 1019 3770 tinxill'e,
1029 3690 1078 3775 qui
1092 3689 1154 3763 sung·
1238 3716 1241 3721 ·

189 3780 266 3845 tls&
281 3780 382 3859 rapinis
398 3776 513 3837 student.
526 3774 611 3836 Lucil.
624 3775 677 3837 libss¹
686 3774 722 3837 28
739 3773 832 3860 Satyt.

287 3865 339 3939 M.
360 3863 398 3933 T.
422 3865 537 3937 Varro.
562 3863 638 3937 Vol.
655 3862 703 3940 ll.
751 3950 752 3953 Ἴ
927 3855 966 3929 Χ
