2834 4567
592 254 595 259 '
681 249 687 294 Ι

215 329 239 384 ³
271 374 318 448 aa
475 373 525 446 u.
549 373 769 447 taunuru
795 374 1036 480 vuuuouts

186 547 195 560 ¹
268 536 385 610 lucum
401 533 634 633 Esquilinum,
652 533 768 608 lucum
792 532 973 632 fagutalem
993 534 1142 630 sinistra,
1160 563 1238 637 quae

268 644 332 721 sub
358 669 507 719 murrum
531 641 590 718 est.
613 644 752 744 Qppius
778 668 879 718 mons
905 646 1058 744 bicepsos
1085 647 1239 748 simplex.

267 754 407 852 Oppius
425 777 526 827 mons
547 752 752 850 tercicepsos
771 754 887 828 lucum
907 755 1139 853 Esquilinum,
1155 760 1238 831 dex·
1346 785 1352 794 ·

267 869 379 943 terior
393 865 451 940 via
465 863 502 938 in
523 863 702 952 tabernula
719 862 778 938 est.
798 863 934 961 Oppius
946 889 1049 948 mons
1061 867 1239 964 quadrice-

268 977 349 1078 psos
366 978 479 1052 lucum
504 974 739 1073 Esquilinum,
759 975 817 1048 via
832 975 1013 1072 ,dexterior
1033 976 1069 1048 in
1093 977 1240 1075 figlineis

72 1080 76 1090 '
176 1142 187 1151 -
267 1089 329 1163 est.
347 1087 530 1185 Septimius
550 1111 650 1160 mons
669 1079 900 1183 q'uintuepsos
915 1088 1032 1160 lucum
1054 1089 1240 1190 Poetiliur'ng

269 1193 464 1296 Esquilinus
495 1195 708 1292 sexticepsos
737 1196 876 1293 Cispius
905 1221 1007 1269 mons
1035 1195 1246 1296 septicepsos

268 1308 359 1406 apud
376 1309 483 1381 aedem
501 1307 645 1381 lunonis
666 1307 803 1383 Lucinae
813 1362 826 1396 ,
843 1308 901 1380 ubi
918 1309 1095 1382 aeditumus
1118 1312 1242 1382 habere

269 1419 370 1495 folet.
391 1418 519 1492 Tertiae
540 1415 690 1516 regionis
714 1418 821 1491 colles
845 1417 889 1490 ab
911 1419 1062 1518 quinque
1081 1422 1240 1496 Deorum

269 1526 379 1603 faneis
392 1527 552 1625 appellati
564 1551 609 1613 ;e
629 1525 726 1623 queis
747 1525 881 1599 nobiles
895 1526 973 1600 duo
993 1527 1112 1602 colles.
1126 1526 1242 1599 Vimi-

270 1636 359 1711 nalis
379 1662 399 1711 a
417 1637 505 1710 Jove
525 1632 700 1723 Viminio,
721 1634 818 1730 quod
837 1633 895 1706 ibi.
904 1658 968 1705 arae
991 1633 1067 1706 sunt
1080 1631 1171 1731 e'jus,
1184 1643 1244 1707 aut
1298 1701 1301 1707 .

262 1748 370 1844 *quod
391 1747 438 1821 ibi
458 1746 623 1822 vimineta
645 1744 797 1817 fuerunt.
820 1743 932 1816 Collis
950 1745 1163 1838 Quirinalis,
1183 1743 1244 1815 ubi
1368 1809 1373 1810 a

271 1853 416 1948 Quirini
435 1851 573 1937 sanum3
587 1849 647 1950 qui
661 1875 681 1923 a
694 1850 900 1939 Curetibus,
912 1853 974 1947 qui
988 1878 1066 1926 cum
1078 1854 1123 1927 Τ.
1137 1852 1244 1925 Tatio

92 2013 94 2022 ›
215 2007 226 2051 t
270 1963 422 2037 Curibus
435 1980 605 2039 venerunt
618 1960 787 2048 Romam,
801 1960 899 2056 quod
912 1959 961 2031 ibi
982 1959 1173 2031 habuerunt
1185 1984 1244 2033 ca·

271 2073 350 2144 llra.
365 2071 463 2168 quod
476 2066 686 2142 vocabulum
702 2065 959 2159 conjunctarum
981 2065 1159 2163 regionum
1175 2090 1245 2139 no·

273 2182 369 2257 mina
381 2179 598 2254 obliteravit.
622 2176 745 2249 Distos
764 2176 854 2250 enim
869 2177 975 2250 colles
994 2178 1120 2274 plureis
1139 2204 1256 2276 appa·.

274 2308 329 2365 ret
346 2314 389 2363 ex
408 2292 600 2386 Argeorum
616 2284 808 2374 sacrificiis3
826 2283 1000 2384 inquibus
1022 2288 1067 2360 fic
1084 2287 1247 2385 scriptum

276 2400 345 2474 ests
366 2398 477 2472 Collis
502 2397 662 2473 Salutaris
685 2397 916 2497 quarticepsos
940 2400 1045 2470 aedem
1070 2397 1246 2493 Quirinos

145 2575 148 2586 .
274 2508 379 2586 collis
395 2509 555 2584 Salutaris
572 2508 804 2606 quarticepsos
823 2508 999 2582 adversum
1021 2508 1067 2580 est
1087 2508 1155 2606 pila
1175 2510 1248 2581 Na·

276 2620 346 2710 ris,
357 2618 461 2692 aedem
477 2617 617 2693 Salutis:
630 2617 740 2692 Collis
754 2617 903 2691 Murialis
912 2615 1143 2714 quinticepsos
1155 2615 1247 2716 apud

277 2729 387 2803 aedem
401 2727 470 2801 Dei
479 2726 564 2799 Fidii
576 2725 612 2800 in
627 2727 789 2816 delubro,
801 2725 859 2799 ubi
874 2726 1052 2800 aditumus
1066 2727 1189 2819 habere
1202 2727 1249 2800 so·

274 2838 350 2912 let:
368 2835 467 2911 collis
485 2836 631 2932 Latiaris⁴
646 2835 854 2938 sexti'cepsos
872 2836 908 2909 in
929 2835 1012 2910 vico
1036 2836 1249 2911 Mustellario

129 3025 135 3036 ,
279 2947 413 3024 summo
432 2946 523 3044 apud
539 2946 749 3021 Turaculum
765 2943 944 3019 aedificium
960 2943 1070 3018 solum
1091 2942 1148 3016 est.
1172 2946 1249 3019 llo·⁴

192 3092 197 3098 ’
279 3084 357 3134 turn
372 3060 531 3158 Deorum
549 3057 805 3155 avanulum
825 3053 1196 3152 cognomina‘ltabent,
1213 3054 1250 3127 in

275 3168 356 3264 ejus
374 3166 523 3266 regionis
546 3168 696 3264 partibus
718 3164 804 3240 sunt.
828 3167 971 3260 Quartae
984 3165 1135 3265 regionis
1151 3165 1251 3238 Pala«
1276 3225 1280 3233 .

280 3283 391 3371 aium,
411 3281 506 3379 quod
526 3279 679 3362 Palantes
701 3305 779 3356 cum
803 3281 967 3352 Evandro
986 3297 1251 3365 venetuut3aut

147 3393 151 3400 ’
280 3394 378 3490 quod
391 3393 551 3482 Palatini,
564 3391 674 3489 qui&
694 3390 917 3489 Aborigines,
930 3415 972 3463 ex
986 3390 1255 3490 agroReatino,

283 3505 345 3605 qui
363 3504 550 3601 appellatur
572 3503 758 3593 Palatium,
772 3504 820 3579 ibi
839 3505 1081 3580 consederunt:
1094 3504 1159 3578 Sed
1182 3503 1252 3580 hoc

283 3617 341 3693 alii
358 3643 377 3693 a
392 3618 513 3694 Palatia
528 3645 638 3693 uxore
659 3609 769 3693 Larini
790 3635 966 3716 putarunt,
984 3619 1136 3690 Eundem
1159 3618 1252 3696 hunc

282 3730 400 3804 locum
415 3755 433 3801 a
446 3753 571 3826 pecore
581 3728 706 3821 distum
726 3748 848 3827 putant
867 3728 1014 3825 quidam.
1038 3726 1151 3826 itaque
1171 3728 1251 3802 Nae·

149 3925 157 3940 s
280 3840 361 3919 vius
377 3841 563 3918 Balantiurn
578 3841 734 3941 appellat.
758 3840 848 3945 Huic
869 3838 1067 3916 Cermalum
1083 3842 1120 3918 ὅ(
1136 3839 1250 3956 Velias
