2834 4567
284 359 358 446 '22⁶
492 371 543 443 ιι.
567 328 787 445 τιιιιιιιιι
813 333 1055 449 vnnnorn's

283 530 360 604 sunt
380 527 552 628 principia
579 533 748 607 Deorum·
774 523 1007 638 animaduersa
1030 536 1073 612 de
1094 536 1195 616 Celo
1215 541 1256 618 δι
1398 533 1399 582 ³

280 642 414 730 Terra,
435 665 454 713 a
477 664 550 741 quo
569 641 633 715 Dii
654 641 778 739 partim
804 642 964 717 dicuntur
983 644 1152 737 celestes,
1175 671 1254 744 par·
1398 659 1399 732 g

280 751 341 826 tim
365 749 558 824 terrestresr
580 770 618 823 ut
640 750 677 823 in
699 750 932 849 superioribus
951 753 1092 828 initium·
1110 755 1254 832 fecimus
1283 839 1288 866 Ι
1381 829 1386 834 ι

279 887 300 935 a
321 859 441 945 Caelo,
458 882 536 932 cum
552 857 702 934 diximus
722 862 764 934 de
782 862 889 947 leno,
904 886 1007 961 quem
1026 862 1255 953 nliiCaelum;

279 969 337 1043 elii
360 971 519 1043 dixerunt
535 967 600 1041 elie
621 970 812 1042 Mundum.
825 969 873 1046 fic
893 970 936 1044 de
961 970 1126 1047 feminis
1116 973 1253 1049 mitium
1398 1071 1399 1082 ἵ

119 1077 134 1160 .’
255 1078 446 1164 ,scribendi
468 1077 643 1152 fecimusa
660 1078 810 1152 Tellure.
827 1106 900 1174 cap.
922 1081 983 1153 28.
1098 1117 1101 1124 -

67 1191 70 1200 ¹
184 1222 186 1225 ⁴
327 1196 406 1267 Une
415 1189 530 1265 eadem
543 1189 654 1262 Terra
667 1189 768 1262 hebet
780 1213 948 1288 geminam
962 1189 1056 1283 rim,
1068 1194 1107 1268 δι
1120 1193 1253 1269 ιιιιΐιιιι·

230 1290 232 1292 ’
276 1301 382 1378 linem
395 1349 408 1390 ,
423 1300 520 1401 quod
538 1299 662 1372 semina
681 1279 868 1396 producat,
880 1303 921 1376 δι
940 1299 1142 1397 femineam,
1155 1306 1253 1402 quod

274 1408 417 1505 recipiat
445 1423 548 1506 atque
575 1406 716 1481 nutriat.
744 1408 867 1481 lndea
896 1408 933 1481 vi
959 1406 1107 1482 feminea
1127 1411 1252 1487 didam

275 1518 342 1593 elle
366 1516 564 1607 Tellurem,
582 1540 601 1587 a
627 1517 664 1589 vi
681 1503 875 1590 masculine
897 1516 1153 1595 Tellumonem.
1177 1522 1252 1596 Cur

135 1663 138 1676 ·
275 1652 362 1726 ergo
376 1623 575 1717 Pontifices,
587 1644 626 1699 ut
637 1624 708 1723 rpse
722 1627 868 1718 indicat,
878 1629 1007 1701 addrdrs
1017 1654 1162 1729 quoque
1175 1633 1250 1707 aliis

274 1739 433 1829 duobus,
451 1757 603 1836 quatuor
629 1736 711 1811 Diis
727 1735 856 1811 faciunt
874 1762 947 1810 rem
967 1736 1146 1832 divinam,
1165 1742 1249 1815 Tel·

272 1849 364 1938 luri,
382 1848 609 1939 Tellumoni,
630 1847 745 1919 Altori
760 1900 771 1936 ,
785 1846 913 1920 Rulori
928 1847 945 1921 i
970 1849 1028 1921 De
1049 1847 1250 1929 Tellure&

273 1961 483 2036 Tellumone
505 1956 573 2051 jem
586 1957 715 2028 dilium
734 1956 791 2030 eli.
811 1956 925 2031 Altori
951 1960 1081 2056 quare?
1096 1960 1189 2058 quod
1204 1987 1249 2062 ert

272 2091 361 2162 terra
376 2070 512 2143 aluntur
532 2067 649 2141 omnia
657 2087 759 2163 ,quae
776 2084 851 2140 nete
867 2066 953 2141 sunt
977 2068 1104 2142 Rusoni
1117 2071 1249 2167 quare?

270 2182 371 2282 quod
390 2180 500 2254 rursus
519 2178 638 2253 cunda
654 2179 776 2251 eodem
794 2178 1037 2254 revolvuntur.
1028 2209 1124 2276 ..cap
1147 2209 1198 2282 ²3·

323 2291 471 2364 Eandem
493 2289 611 2363 dicunt
632 2307 772 2360 matrem
796 2313 963 2386 magnum.
984 2290 1082 2386 quod
1106 2311 1247 2392 tympa-

272 2425 354 2472 num
373 2399 517 2489 habeat,
539 2395 717 2494 fignificari
742 2391 806 2470 elle
832 2398 965 2471 Orbem
984 2399 1128 2473 Terre:
1118 2400 1246 2526 ·quod
1279 2431 1283 2436 ·
1343 2503 1344 2506 Ἴ
1398 2449 1399 2454 1

271 2526 381 2583 turres
394 2535 429 2584 ιιι
442 2526 577 2606 capite
595 2508 757 2631 Oppida:
770 2506 867 2605 quod
882 2506 974 2580 sedes
987 2506 1207 2608 finguntur
1177 2534 1247 2583 crr-

271 2645 312 2695 ca
335 2646 430 2706 eam,
454 2644 532 2693 cunr
555 2615 671 2690 omnia
695 2636 926 2708 moveantur,
944 2617 1049 2718 ipsam
1074 2645 1147 2694 non
1166 2644 1247 2695 mo-

272 2729 362 2803 veri.
380 2729 487 2821 Quod
504 2725 627 2800 Gallos
640 2723 721 2800 huic
737 2726 825 2801 Dee
838 2745 875 2800 ut
892 2721 1054 2803 servirent
1071 2725 1247 2822 fecerunt,
1266 2771 1270 2782 ·

272 2836 460 2938 fignificare
478 2861 560 2928 eos,
576 2836 634 2933 qui
658 2833 784 2911 semine
804 2837 998 2938 indigeant,
1012 2857 1134 2912 terram
1151 2839 1245 2941 sequi
1312 2907 1315 2912 s
1398 2905 1399 2924 ,

271 2966 445 3044 oportere.
460 2946 496 3019 in
511 2969 550 3019 ee
563 2943 690 3042 quippe
703 2945 822 3019 onmia
836 2945 983 3043 reperiri.
997 2947 1094 3043 quod
1110 2948 1141 3023 se
1153 2950 1245 3048 apud

268 3076 343 3131 eam
359 3056 504 3150 judlant,
519 3054 734 3152 precipitur,
749 3054 809 3153 qui
830 3076 953 3129 terrant
975 3054 1098 3130 colunt
1105 3083 1171 3150 ,ne
1195 3059 1244 3134 le·

269 3168 391 3241 deant:
407 3166 537 3264 semper
556 3165 647 3238 enim
661 3164 728 3236 elle
750 3165 845 3261 quod
856 3185 967 3262 agent
990 3165 1242 3266 cymbalorum

268 3276 430 3366 sonitus,
453 3275 736 3349 ferramentorum
748 3271 979 3367 ,aeandorun
997 3300 1037 3350 ec
1050 3300 1242 3381 mannum

267 3387 358 3463 &
329 3413 402 3479 erus
422 3388 470 3460 rei
490 3386 636 3483 crepitus
657 3383 692 3456 in
706 3384 856 3458 colendo
876 3411 958 3486 egro
979 3412 1040 3488 qur
1030 3384 1099 3460 'fit
1111 3385 1242 3487 ,ligni-

267 3497 352 3574 ficat
371 3500 467 3599 quod
486 3498 687 3573 ferramenta
704 3497 762 3571 illa
779 3497 858 3591 ideo
873 3521 970 3574 erent
984 3526 1026 3573 ex
1048 3523 1113 3573 aere
1119 3501 1242 3597 ,quod

194 3695 199 3702 .
266 3607 398 3706 antiqui
420 3608 512 3681 illam
530 3608 690 3682 colebant
713 3633 800 3697 ere,
822 3628 1003 3708 antequem
1019 3607 1142 3682 ferrum
1160 3609 1241 3684 effet

268 3719 462 3792 inventum.
490 3722 642 3824 Leonem
669 3719 833 3817 adjugunt
853 3719 1000 3792 solutum
1022 3743 1061 3792 nc
1086 3717 1242 3790 mansue·
1321 3709 1333 3734 ⁸

167 3863 171 3869 ·
261 3846 364 3926 tum,
379 3852 417 3907 ut
429 3829 633 3925 ostendant,
653 3828 786 3905 nullum
803 3839 910 3931 genus
930 3848 1030 3908 terre
1042 3849 1111 3905 tam
1123 3848 1236 3903 remo·
1264 3921 1268 3927 Ι
