2834 4567
245 372 296 458 μ
456 357 505 430 u.
528 351 746 430 rmeuru
769 357 1006 435 vernoun

246 496 332 592 cunt
349 525 414 610 βῆς.
429 515 583 591 Tertium
594 571 607 607 ,
620 518 664 592 ab
675 517 781 608 aellu,
797 518 912 595 AEstas.
930 521 1012 594 hinc
1025 520 1205 599 AEllivumt

211 683 214 690 .
247 622 322 697 Nifi
339 623 460 699 fortea
481 627 608 702 Graeco
620 642 764 705 aaaron.
774 631 966 722 Quartum,
987 632 1206 708 Aulluomus.

606 743 716 812 Multa
736 742 853 833 daesrmt.
1070 759 1073 770 ‘

248 842 294 916 ab
313 842 386 918 sole
401 870 423 930 τ,
436 842 482 919 fic
501 843 620 920 meniis
640 872 658 921 a
679 846 769 921 lunae
791 866 888 921 motu
907 847 1036 937 diam,
1057 846 1138 921 dum
1164 846 1210 919 ab

248 951 320 1027 sole
349 953 526 1051 profefila,
545 955 660 1030 rursus
690 956 777 1057 redit
805 956 847 1029 ad
876 982 953 1030 cum
980 957 1086 1046 luna,
1113 952 1209 1052 quod

249 1065 372 1138 Graece
393 1065 478 1137 olim
496 1065 581 1170 elilla
599 1081 694 1160 μήνη,
714 1068 803 1140 unde
822 1067 959 1142 illorum
984 1081 1084 1160 μῆνες.
1104 1066 1146 1138 ab
1165 1087 1210 1137 eo

249 1171 368 1247 nostri'.
387 1178 418 1248 A
439 1176 606 1251 menlibus
622 1177 840 1251 Intermestris
860 1178 987 1268 dillus3
1000 1177 1095 1275 quod
1113 1193 1212 1273 puta·
1276 1222 1279 1226 .

249 1283 334 1358 bant
345 1284 435 1358 inter
449 1284 572 1382 prioris
590 1277 718 1359 memis'
729 1287 926 1361 senescentis
938 1306 1107 1360 extremos
1118 1283 1211 1374 dies,

70 1449 73 1464 .
198 1486 209 1511 ι
250 1393 292 1468 &
311 1416 440 1467 noram
460 1394 571 1468 lunam
585 1450 597 1487 ,
610 1397 674 1470 elle
694 1397 803 1489 diem,
818 1423 920 1497 quem
940 1397 1130 1498 dilgentius
1149 1398 1214 1468 At·

253 1500 316 1575 rici
332 1513 395 1594 lun
409 1517 463 1580 nal
478 1517 547 1581 νέαν
568 1507 804 1603 appellarunt,
827 1510 870 1581 ab
889 1533 954 1598 eo,
981 1506 1074 1605 quod
1096 1531 1134 1579 ea
1158 1503 1214 1578 die

244 1610 366 1708 ,potest
384 1611 494 1686 videri
512 1633 662 1688 extrema
682 1617 847 1713 &prima
866 1617 958 1691 luna.
977 1613 1131 1688 Lustrum
1150 1635 1215 1683 no·

254 1719 420 1795 mirratum
441 1741 575 1821 tempus
591 1726 862 1825 quinquennale,
878 1751 898 1799 a
919 1725 1070 1814 luendo,
1085 1717 1217 1795 hocell

224 1921 230 1928 ,
255 1831 426 1908 solvendo
439 1862 449 1908 a
464 1825 560 1935 quod
573 1838 698 1934 quinto
719 1860 859 1934 quoque
877 1861 968 1907 anno
988 1832 1160 1933 vestigalia
1179 1833 1218 1906 δι

255 1942 349 2014 ultro
371 1944 496 2016 tributa
525 1969 585 2039 per
612 1944 769 2018 censores
799 1943 1089 2039 persolvebantur.
1114 1941 1219 2011 Secu-2
1294 2005 1296 2008 ,

245 2052 349 2140 lum,
370 2054 512 2147 spatium
536 2078 704 2126 annorum
725 2075 861 2128 centum
884 2039 1076 2124 vocarunt:
1092 2049 1218 2122 diurn

164 2145 168 2164 ⁸
257 2162 397 2247 elene,
413 2163 507 2258 quod
526 2162 752 2259 loogiflimum
774 2160 915 2260 spatium
937 2159 1218 2234 senescendorum

162 2335 166 2342 .
257 2269 436 2343 hominum
453 2269 490 2343 id
516 2269 688 2364 putarunt.
711 2271 841 2345 AEvum
869 2272 913 2343 ab
939 2287 1036 2341 aetate
1063 2267 1220 2342 omnium

259 2405 429 2455 annorum
443 2409 452 2457 :
464 2381 791 2472 hincAEvirenium,
807 2377 902 2479 quod
914 2380 1037 2455 sallum
1050 2378 1097 2452 est
1112 2379 1230 2454 AEter·'

259 2515 353 2565 num.
373 2492 411 2564 ld
430 2491 477 2565 ait
496 2490 708 2589 Chryfippus
729 2493 793 2564 effe
813 2505 916 2571 αἰῶνα,
936 2490 988 2564 Ab
1004 2514 1046 2562 eo
1060 2489 1221 2577 Plautus,

126 2599 129 2606 ’
258 2601 344 2674 Non
369 2600 481 2675 omnis
511 2614 589 2672 aetas
608 2598 650 2670 ad
676 2600 928 2696 perdiscendum
955 2597 1003 2670 est
1029 2597 1116 2671 saris.
1139 2595 1222 2671 hinc
1286 2607 1289 2616 '
1375 2685 1379 2694 Ι

259 2729 393 2807 P⁰0¹²2
406 2710 542 2788 AElerssa
562 2708 687 2803 templa
703 2708 787 2780 caeli.
805 2711 835 2781 A
852 2706 927 2780 caeli
946 2705 1088 2778 naturali
1102 2703 1238 2778 ‹riseri--

139 2873 146 2884 „
261 2819 354 2893 mine
397 2817 512 2892 civilia
544 2820 711 2892 vocabula
745 2818 815 2891 dies
847 2817 1061 2892 accefferunt.
1096 2814 1222 2890 Dicam

132 2919 135 2930 ’
261 2928 377 3026 prius,
396 2926 455 3022 qui
477 2927 634 3000 Deorum
650 2928 764 3018 caula,
777 2945 849 3002 tum
866 2927 925 3025 qui
945 2923 1144 3012 hominurn,
1157 2921 1224 2994 lint

178 3053 181 3060 ’
263 3035 415 3111 instituti.
430 3036 516 3112 Dies
535 3040 722 3132 Agonales,
735 3063 796 3134 per
812 3062 899 3134 quos
910 3061 968 3107 rex
983 3036 1019 3108 in
1036 3035 1125 3133 regia
1136 3032 1224 3106 arie·

263 3164 333 3223 tem
354 3149 528 3238 immolat,
547 3149 624 3222 diui
644 3149 686 3222 ab
706 3174 838 3248 agone3
860 3172 904 3220 eo
924 3147 1019 3244 quod
1036 3146 1225 3243 interroga·

180 3255 188 3264 ’
264 3275 320 3330 rur
339 3286 357 3334 a
379 3259 532 3357 principe
551 3257 717 3349 civitatis,
730 3261 767 3334 δι
790 3259 946 3356 princeps
967 3257 1075 3355 gregis
1098 3255 1224 3326 immo·

266 3369 367 3442 latur.
389 3368 613 3442 Carmentalia
638 3366 876 3453 nominantur,
890 3366 985 3462 quod
1004 3365 1163 3438 sacratum
1184 3360 1226 3433 &

267 3476 361 3551 feriae
381 3476 580 3549 Carmentis.
597 3469 793 3571 Lupercalia
815 3473 1027 3570 dilla,quo‚d
1048 3469 1084 3540 in
1108 3465 1225 3561 lupet-

267 3585 332 3659 cali
345 3584 475 3680 luperci
490 3583 735 3659 sacrasacium.
749 3585 824 3657 Rex
838 3610 913 3657 cum
932 3579 1029 3654 ferias
1042 3575 1226 3651 menstruas

165 3754 170 3770 n
265 3695 398 3772 Noneis
420 3694 627 3769 Februarieis
652 3694 780 3785 edicit,
799 3697 890 3766 hunc
913 3692 1000 3764 diem
1024 3686 1226 3760 Februatum
1290 3691 1292 3693 ’

218 3828 223 3836 ·
268 3807 422 3908 appellat.
442 3807 608 3884 Februum
632 3804 746 3881 Sabini
773 3819 1051 3905 purgamentum,
1069 3799 1107 3875 δι
1127 3798 1163 3872 id
1184 3796 1226 3870 in
