2834 4567
321 372 374 446 66
531 371 584 446 Μ.
606 366 823 441 TERENTll
847 369 1082 445 VARRONIS

167 563 172 582 ¹
324 532 478 626 fallacia,
495 532 551 607 sed
569 533 800 608 translatione.
817 552 856 605 ut
876 558 895 606 a
916 533 1001 630 pede
1020 533 1137 610 nostro
1153 543 1211 632 prs
1230 537 1281 611 le·

323 645 387 735 ui,
410 669 449 717 ac
467 667 526 740 pes
543 642 641 717 bete.
658 642 748 715 llinc
760 641 860 714 etiam
881 635 1046 739 Famiger,
1061 626 1224 735 llffabile,
1243 649 1283 723 ot

320 752 369 828 (ιε
382 749 570 848 compofita
582 750 646 823 alia
667 749 767 838 item,
780 771 817 820 ιιι
834 748 1000 822 declinata
1016 752 1141 844 multa,
1155 753 1190 827 in
1207 779 1280 851 quo

319 861 361 935 δι
383 862 564 934 Fatuus&
584 861 699 931 Fatue.
720 856 834 954 Loqui
853 858 895 931 ab
916 856 999 930 loco
1018 859 1163 933 dicium:
1184 860 1280 957 quod

319 968 379 1065 qui
393 969 505 1065 primo
518 967 643 1041 dieitur
658 964 745 1054 fari,
757 967 796 1039 δι
812 965 982 1040 vocabula
1001 968 1179 1066 &reliqua
1199 996 1279 1044 ver·
1298 1021 1301 1030 κ

318 1079 364 1155 ba
388 1078 493 1167 dicit,
518 1098 596 1151 ante
619 1102 721 1173 quam
747 1077 808 1149 suo
835 1075 975 1173 quisque
999 1080 1081 1150 loco
1106 1104 1145 1151 ea
1168 1078 1279 1153 dicere

317 1185 440 1283 potest.
461 1187 565 1261 Hunc
590 1186 800 1285 Chrystppus
824 1206 922 1282 negat
944 1187 1064 1283 loqui,
1083 1185 1138 1259 sed
1161 1207 1198 1258 ut
1222 1186 1277 1261 lo·

315 1292 395 1390 qui:
415 1316 519 1390 quare
538 1299 576 1367 u't
590 1294 702 1390 imago
720 1293 867 1367 hominis
887 1317 959 1366 nun
976 1293 1016 1365 stt
1028 1293 1157 1383 homo,
1175 1294 1219 1367 lic
1238 1294 1276 1368 in

312 1402 473 1493 corveis,
490 1403 709 1492 cornicibus,
722 1404 852 1500 puereis
868 1403 1021 1501 primitus
1038 1402 1276 1499 incipientibus

314 1514 403 1606 fari,
420 1516 526 1591 verba
548 1538 621 1588 non
641 1513 705 1586 effe
725 1514 855 1601 rerba,
873 1514 967 1609 quod
989 1537 1060 1586 non
1079 1511 1274 1608 loquantur.

313 1623 468 1723 lgituris
484 1624 659 1722 loquitur,
678 1623 739 1720 qui
761 1622 825 1696 suo
843 1624 924 1697 loco
944 1625 1108 1724 quodque
1130 1624 1274 1698 verbum

310 1737 418 1813 sciens
431 1736 550 1834 ponitr
569 1739 607 1810 δι
625 1734 732 1826 illum,
745 1735 968 1810 Prolucutum
988 1734 1152 1825 dicimus,
1175 1760 1273 1826 cum,

309 1846 428 1923 animo
447 1846 542 1944 quod
554 1844 693 1931 habuit,
706 1845 829 1918 extulit
853 1845 1038 1941 loquendo.
1063 1846 1153 1920 Hinc
1170 1846 1271 1920 etiam

308 1953 454 2049 amplius
469 1953 630 2026 dicuntur
649 1952 777 2047 Eloqui
796 1976 837 2025 ac
856 1950 1005 2048 Reloqui
1023 1952 1059 2023 in
1083 1951 1188 2025 laneis
1209 1956 1270 2026 Sa·

294 2064 420 2150 ‚uineis
431 2088 451 2137 e
464 2064 558 2138 cella
572 2061 665 2150 Dei,
680 2062 740 2157 qui
753 2061 973 2157 eloquuntur.
990 2060 1070 2134 hinc
1085 2061 1191 2134 dicius
1204 2067 1272 2144 Lu·

307 2194 417 2267 quat,
440 2168 502 2267 qui
526 2166 682 2239 nimium·
696 2168 867 2265 loquitur:
895 2168 975 2241 hinc
996 2168 1186 2266 Eloquens,
1208 2172 1269 2270 qui

307 2276 451 2375 copiose
471 2275 640 2375 loquitur:
660 2277 741 2352 hinc
764 2278 1006 2378 Colloquium‚
1029 2304 1108 2357 eum
1133 2305 1268 2356 conve·

307 2391 408 2463 niunt
432 2389 467 2461 iu
493 2413 598 2461 unum
623 2390 738 2464 lucum
766 2391 929 2491 loquendi
953 2390 1060 2466 causa.
1084 2390 1174 2465 Hinc
1195 2393 1267 2466 nd·

306 2502 459 2575 locutum
480 2498 637 2572 mulieres
655 2501 704 2572 ire
726 2501 842 2594 ajunt,
859 2527 936 2575 cum
960 2525 1041 2573 eunt
1060 2501 1101 2572 ad
1121 2501 1266 2599 aliquam
1368 2509 1371 2514 '

305 2611 464 2696 brutum
482 2608 680 2682 consulendi
696 2609 802 2683 causa.
819 2608 899 2683 hinc
919 2610 1054 2706 quidam
1080 2612 1265 2707 loquelam

305 2723 488 2809 dixerunt,
509 2721 677 2809 verbum,
698 2719 795 2817 quod
818 2718 855 2792 in
879 2718 1056 2817 loquendo
1085 2718 1265 2818 efferimus.

304 2830 490 2904 Concinne
514 2830 613 2928 loqui
634 2830 757 2903 dicium
780 2855 800 2903 a
824 2828 1014 2917 concinne,
1037 2830 1096 2902 ubi
1119 2829 1205 2902 inter
1231 2829 1264 2905 se

304 2936 522 3016 conveniunt
538 2956 664 3035 partes,
679 2937 816 3013 &inter
832 2937 865 3012 se
876 2937 1081 3035 respondent
1093 2936 1183 3010 aliud
1193 2938 1263 3028 alii.

303 3044 530 3123 Pronuntiare
553 3045 677 3119 dilium
696 3048 734 3119 &
757 3044 933 3120 Nuntiate.
950 3046 1017 3118 Pro
1041 3045 1129 3120 idem
1149 3048 1261 3135 valet,

301 3154 399 3255 quod
418 3172 516 3243 ante,
536 3172 574 3225 ut
594 3154 631 3225 in
656 3154 725 3228 hoc
745 3152 910 3226 Proludit.
932 3154 1012 3227 Ideo
1031 3156 1160 3229 aclores
1179 3180 1261 3251 pror
1399 3187 1401 3258 ι

301 3261 460 3337 nuntiare
490 3259 672 3351 dicuntur,
697 3261 795 3359 quod
826 3260 1005 3359 proscenio
1037 3262 1260 3361 pronuntiant
1398 3273 1400 3294 1

213 3403 216 3410 ⁴
301 3391 405 3473 poeta
427 3372 614 3469 cogitante:
640 3375 737 3471 quod
762 3373 909 3447 maxime
933 3395 1006 3449 tum
1030 3374 1154 3448 dicitur
1178 3396 1259 3468 pro·

301 3482 537 3582 prie,n0ram
552 3481 698 3558 fabulam
715 3509 794 3559 cum
808 3504 925 3583 agunt.
938 3483 1084 3559 Nuntius
1101 3482 1149 3556 est
1166 3479 1258 3557 enini
1305 3541 1307 3554 .
1396 3479 1397 3496 ¹

300 3594 344 3668 ab
369 3588 442 3662 heis
469 3591 569 3666 rebus
592 3594 809 3688 nominatus,
832 3599 927 3692 quod
952 3622 972 3669 a
995 3597 1121 3667 Graeco
1145 3595 1256 3669 verbo

298 3709 359 3776 rior
376 3697 486 3771 videri
506 3700 615 3794 potest
631 3703 855 3778 declinatum:
873 3707 916 3779 ab
936 3729 977 3777 ea
1000 3702 1136 3801 quidem
1158 3706 1256 3776 Grae·

301 3835 343 3886 ca
368 3833 456 3890 vote
481 3813 667 3912 Neapolis,
686 3825 738 3891 νέαι
758 3827 854 3906 πόλις,
870 3816 913 3890 ab
928 3812 1093 3915 antiqueis
1115 3814 1255 3890 nollret's
