2834 4567
277 391 289 418 .
322 342 387 416 nt
412 295 587 414 mecm
612 329 782 405 mnne
809 328 887 401 un.
913 329 958 398 v.
1062 346 1108 420 γι
1257 345 1260 356 ·

133 534 158 583 a
185 506 311 604 sponte
336 499 446 600 potest
469 495 534 574 effe
558 493 740 578 declinata,
762 490 855 590 quod
882 506 952 576 tum
982 484 1107 583 sperat,

131 639 230 689 cum
255 613 351 711 quod
374 608 475 697 volt,
501 605 548 680 tc
576 601 650 676 fieri
675 620 781 698 putat.
809 623 887 671 nam
917 596 1012 694 quod
1036 616 1113 665 non

132 724 250 813 volt,
264 721 290 793 st
306 733 424 817 putam
436 713 577 803 metuit,
593 733 666 783 non
681 709 800 808 sperat.
818 713 930 803 ltaque
949 703 1006 774 hic
1018 724 1109 797 quo·

132 855 215 928 que
237 830 298 928 qui
315 826 398 902 dicit
419 826 453 897 in
468 821 606 898 Astraba
623 818 755 908 Plauti,
766 807 1111 914 Sequere‚adseque·

130 964 175 1012 re
196 938 359 1036 Polyba,
375 933 480 1010 disee:
496 955 605 1005 meam
623 929 715 1025 spem
736 925 843 1023 cupio
860 917 1034 1017 consequi.
1051 917 1115 989 Se·

128 1072 240 1146 quor
269 1045 413 1121 Hercule
438 1043 587 1142 quidem.
611 1067 688 1116 nam
714 1040 859 1112 libenter
883 1056 958 1107 mea
982 1028 1109 1126 sperata

126 1158 353 1256 consequor.
372 1161 416 1232 Et
436 1155 534 1253 quod
552 1156 620 1228 fine
642 1152 761 1250 sponte
783 1150 922 1228 dicmt:
941 1163 1022 1217 vere
1043 1159 1108 1210 ne·

127 1290 210 1363 que
228 1265 285 1339 ille
304 1264 409 1361 sperat
423 1262 484 1362 qui
498 1262 581 1338 dicit
596 1259 814 1348 adolescens,
831 1278 942 1353 neque
958 1249 1016 1323 illa
1030 1245 1106 1344 spe·

128 1393 213 1454 rata
233 1374 291 1449 est.
311 1374 484 1471 Sponsor,
502 1375 541 1448 ὅτ
564 1396 668 1469 ptaes,
692 1373 732 1447 δι
752 1395 833 1459 vas;
855 1387 966 1461 neque
989 1359 1104 1448 idem,

127 1505 254 1578 neque
266 1505 338 1572 res,
355 1509 373 1556 a
391 1480 514 1579 quibui
529 1479 575 1578 ii,
592 1482 653 1553 sed
664 1480 845 1554 diffimilee.
863 1479 977 1570 ltaque
993 1468 1106 1555 Praes,

127 1590 198 1687 qui
218 1617 240 1664 a
256 1591 451 1689 magistratu
467 1589 713 1687 interrogatus,
727 1589 762 1662 in
780 1586 952 1685 publicum
967 1596 1004 1652 ut
1017 1599 1102 1674 ptae·

128 1697 223 1773 stete
242 1722 353 1794 aquo
376 1702 415 1773 &
434 1721 513 1774 cum
532 1697 735 1792 respondet,
759 1695 884 1767 dicitur
907 1692 1008 1762 Praes.
1029 1683 1102 1756 Vas

129 1805 351 1903 appellatus,
371 1803 431 1901 qni
454 1827 521 1899 pto
540 1802 649 1877 altero
670 1798 908 1875 vadimonium
926 1790 1102 1892 promitte·

129 1917 205 1989 bat.
231 1914 458 1988 Consuetudo
478 1931 570 2005 etat,
591 1937 668 1988 cum
687 1936 765 1986 reus
785 1934 900 2008 patum
920 1905 1000 1980 effet
1023 1900 1102 1972 ido·

131 2048 242 2112 neus,
261 2022 426 2124 incepteis
448 2022 573 2111 rebus,
595 2040 634 2096 ut
652 2046 718 2118 pro
738 2020 770 2096 se
784 2019 923 2094 alterum
946 2015 1059 2094 darem
1079 2027 1102 2077 a
1166 2087 1170 2114 t

131 2160 213 2233 quo
230 2133 345 2209 caveri
362 2132 477 2230 postea
497 2133 570 2232 lege
591 2152 742 2231 coeptum
766 2132 833 2223 est,
859 2131 901 2204 ab
922 2125 1013 2213 heis,
1039 2118 1101 2218 qui

132 2243 266 2339 praedia
291 2244 498 2335 venderent,
518 2243 621 2318 vades
646 2270 689 2316 ne
712 2245 840 2316 darent.
858 2241 902 2315 ab
926 2261 970 2312 eo
996 2229 1098 2308 scribi

78 2361 85 2372 '
132 2372 292 2451 coeptum
313 2354 349 2426 in
369 2354 441 2453 lege
462 2352 743 2451 manicipiorumz
762 2339 881 2426 vadem
908 2371 951 2420 ne
975 2343 1096 2441 posce·

132 2482 216 2551 ret,
235 2486 297 2537 nec
316 2462 462 2537 dabitur.
487 2463 642 2552 Camere,
662 2464 700 2535 &
726 2460 838 2549 canit,
859 2462 899 2535 δι
923 2451 1096 2536 Succinit,
1214 2447 1224 2462 '

133 2575 177 2647 &
200 2574 357 2664 Cantus„
373 2575 412 2649 δι
432 2574 614 2663 Cantatio,
641 2599 684 2647 ex
713 2597 874 2660 camena,
901 2580 1096 2666 permutato

134 2680 191 2754 N:
205 2683 249 2754 ab
262 2706 326 2772 eo,
339 2682 434 2779 quod
449 2679 550 2756 semel
559 2680 668 2767 cani13
683 2681 707 2755 st
721 2681 861 2777 sepius,
871 2694 993 2774 mmm.
1013 2673 1093 2744 hinc

130 2790 307 2879 Cantitat,
327 2788 411 2862 item
430 2789 505 2865 alia.
522 2813 587 2863 nec
606 2789 674 2864 fine
688 2791 844 2863 canendo
866 2785 1020 2872 tibicines
1042 2779 1094 2853 di·

135 2898 192 2974 ἃί.
217 2901 383 2977 Omnium
409 2900 500 2974 enim
532 2901 657 2976 horum
682 2900 809 2999 quida
833 2895 964 2972 canere.
990 2889 1097 2978 etiam

135 3009 486 3087 Buccinatoravocis
497 3012 876 3090 finitindine&canm
886 3008 1001 3082 diens.
1014 3006 1095 3076 Oro

135 3120 181 3191 ab
199 3143 281 3210 ore,
293 3122 331 3196 δι
345 3123 504 3213 Peromt,
515 3124 553 3199 δι
571 3127 720 3214 Exorat,
734 3126 772 3200 δι
789 3121 933 3211 Oratio,
946 3120 986 3194 δι
1004 3117 1096 3188 On·
1144 3145 1147 3152 ’

134 3245 210 3319 tot,
234 3230 274 3304 &
295 3224 463 3308 Osculitm
486 3232 622 3310 dimum.
650 3235 730 3308 Inde
745 3236 892 3322 «Omen,
912 3231 951 3305 &
977 3231 1094 3300 Orna-
1153 3257 1158 3266 ·

135 3355 298 3414 mentum.
312 3338 473 3432 aiterum,
485 3344 580 3441 quod
594 3367 639 3418 ex
649 3368 711 3417 ore
724 3339 1008 3440 primumelatum
1023 3335 1094 3423 est,

136 3448 263 3523 Osmen
280 3450 429 3538 ditium
445 3452 587 3528 aiterum
608 3449 685 3532 eum
702 3451 942 3552 praepofitione
967 3449 1094 3528 dicitur

135 3580 226 3634 nunc
241 3577 500 3650 ornamentum,
510 3562 595 3635 olim
607 3562 823 3642 osnamentet
836 3582 873 3636 ut
887 3561 1008 3638 scenici
1019 3560 1093 3659 ple·

133 3665 230 3765 rique
243 3666 372 3744 dicunt
387 3670 479 3745 Hinc
495 3669 638 3748 oscines
654 3670 810 3750 dicuntur
824 3673 915 3770 apud
928 3695 1093 3771 auguret,

135 3775 229 3876 quod
241 3802 302 3854 ore
315 3777 445 3858 faciunt
456 3779 654 3879 auspicium.
666 3779 819 3864 Tentnn
832 3782 973 3880 gradum
988 3805 1093 3879 agens
1194 3813 1199 3832 ·
