2834 4567
272 328 318 407 88
470 332 518 403 M.
544 329 762 405 TEREN'l'll
787 331 1025 404 VARRONIS

271 492 346 581 nis,
365 489 454 564 salve
477 491 621 589 hospita.
644 479 809 572 Canirlla:
828 493 888 590 qui
911 463 1104 589 ¹glollcttrata
1124 455 1233 570 inter·⁵

147 593 154 605 ’
269 602 417 699 precati,
438 602 598 676 dixerunt
628 602 876 689 administram
900 604 977 676 addi
1007 625 1171 702 oportet,
1195 606 1235 679 ia
1281 649 1287 660 ·

273 710 344 785 heis
357 766 368 798 ,
381 734 457 807 quae
479 711 680 784 occultiora.
694 710 796 809 lgitnr
815 710 939 785 dicitur
955 710 992 784 in
1009 713 1136 811 nuptiis
1152 713 1234 787 Cas·

271 824 409 910 millus,
431 821 491 919 qui
520 846 728 896 cummcrum
754 820 841 912 fert,
861 822 898 895 io
927 847 999 919 quo
1022 825 1104 923 quid
1129 825 1169 898 fit
1195 827 1234 900 in

271 930 458 1003 minillerio
480 929 633 1028 plerique
654 929 862 1006 extrinsecus
878 933 1027 1008 nollunt.
1047 933 1127 1010 hine
1150 934 1235 1008 Cas·

271 1040 384 1114 millus
415 1040 612 1114 nominatur
638 1039 674 1112 in
695 1041 929 1116 Samothraces
953 1042 1121 1140 mylleriis
1146 1044 1242 1119 Dius-

270 1152 407 1249 quidam
427 1148 618 1228 administer
633 1151 712 1224 Diis
730 1152 890 1249 magmis.
905 1153 1055 1225 Verbum
1070 1155 1233 1228 Graecum
1341 1185 1344 1192 ·

271 1259 419 1332 arbitror
426 1260 544 1357 ,qnod
559 1261 650 1354 apud
661 1260 925 1335 Callimachum
916 1289 951 1334 tn
961 1262 1150 1359 poemateis
1162 1261 1236 1358 ejus

271 1368 403 1442 inveni.
433 1370 534 1464 Apud
562 1370 731 1460 Ennium,
757 1369 888 1443 Subulo
908 1369 1067 1446 finitimas
1094 1392 1235 1470 propter

210 1489 212 1492 ’
272 1461 398 1552 astabat
416 1505 537 1577 aquas·
554 1483 685 1558 Subulo
704 1482 827 1568 diuus,
841 1462 966 1607 quotl
957 1499 1002 1557 tta
1021 1482 1139 1557 dicunt
1156 1485 1236 1557 tibi·

218 1633 221 1641 ·
273 1588 366 1663 cinos
392 1592 505 1667 Tulei.
528 1594 689 1690 quocirca
708 1593 882 1670 radices
853 1620 925 1688 epus
949 1595 984 1667 i'n
1009 1597 1140 1668 Etruria
1162 1619 1235 1668 non

200 1707 203 1712 “
272 1698 372 1772 Latro
381 1703 599 1799 quarendum
614 1703 671 1777 cll.
692 1704 838 1792 Versus,
852 1705 1034 1802 quosolim
1055 1703 1159 1778 Fauni
1178 1727 1237 1776 va·
1311 1717 1316 1726 '

273 1809 387 1907 resque
407 1813 596 1912 ‚canebann
623 1803 760 1903 Fauni,v
782 1814 850 1886 Dei
882 1814 1104 1902 Latinorum,
1126 1813 1174 1885 ita
1196 1826 1237 1884 ut

273 1919 404 1991 Faunus
424 1921 463 1993 δι
480 1923 592 1992 Fauna
605 1920 669 1992 sant
681 1921 718 1992 in
731 1920 904 2008 verubus,
919 1944 1006 2017 quos
1028 1938 1156 1992 vocant
1173 1921 1236 1990 Sa·

272 2026 428 2115 tornios3
447 2027 483 2099 in
506 2026 710 2098 silvestribus
737 2026 843 2099 loccis
864 2026 1022 2099 traditum
1046 2025 1092 2097 est
1115 2025 1236 2101 solitos

198 2204 206 2218 ,
273 2131 385 2206 faria
408 2156 479 2228 quo
504 2133 607 2206 fando
628 2138 761 2207 Faunos
785 2133 903 2205 diclos.
923 2132 1095 2231 Antiquos
1117 2151 1235 2228 poetas

274 2245 378 2315 Vates
397 2244 611 2340 appellabant
633 2270 651 2319 a
671 2244 822 2318 versibus
840 2244 1018 2334 viendcis,
1040 2263 1079 2317 ut
1098 2244 1133 2317 in
1148 2268 1235 2343 poe·

273 2351 389 2425 mateis
406 2376 483 2425 cum
502 2351 660 2436 scribam,
674 2354 860 2429 ostendam.
872 2356 1033 2451 Corpore
1053 2353 1236 2427 Tartarioo

274 2481 441 2560 prognata
463 2462 586 2560 paluda
603 2462 733 2559 virago.
756 2460 958 2550 Tartarino,
975 2485 993 2532 a
1013 2464 1159 2534 Tartaro
1184 2459 1250 2532 di··

274 2576 375 2646 cium.
395 2574 491 2645 Plato
514 2572 549 2646 in
566 2590 688 2668 quarto
709 2572 751 2643 de
768 2569 983 2659 fluminibus,
996 2571 1085 2665 apud
1106 2568 1236 2641 inferos

273 2707 350 2779 quae
372 2680 454 2770 lint,
472 2683 507 2753 in
530 2682 600 2754 heis
622 2706 727 2754 unum
748 2682 924 2776 Tartarum
944 2679 1112 2776 appellat:
1132 2702 1237 2776 quare

269 2790 407 2870 ,Tartari
427 2791 528 2888 otigo
549 2793 682 2866 Graeca.
695 2791 819 2868 Paluda
838 2816 858 2864 a
875 2790 1130 2886 paludamentis.
1150 2791 1237 2862 Sunt

275 2900 351 2975 haec
375 2901 515 2998 insignia
534 2902 574 2976 &
594 2923 792 2975 ornamenta
813 2900 980 2973 militaria.
997 2900 1079 2972 ldeo
1101 2899 1144 2972 ad
1165 2898 1236 2972 bel·
1278 2901 1291 2910 “

275 3009 445 3084 lonicum
469 3011 540 3082 exit
564 3008 769 3134 imperator?
793 3033 833 3083 ac
854 3008 989 3080 liliores
1013 3024 1145 3081 mutant
1171 3031 1236 3080 ve·

274 3122 380 3209 stem,
393 3123 431 3196 δι
448 3117 566 3220 ligna
556 3119 795 3207 incinucruot,
812 3116 990 3191 Paludatus
1010 3114 1134 3190 dicitur
1152 3140 1237 3212 pro·

275 3231 404 3307 ficisci:
417 3255 515 3329 quc,
527 3247 709 3335 propterea
723 3227 817 3327 quod
832 3224 1112 3323 conspiciuntur,
1125 3224 1236 3320 quiea

275 3343 420 3430 habent,
433 3365 475 3414 ac
496 3321 583 3412 fiunt
605 3338 737 3435 palam,
760 3335 995 3414 Paludameota
1016 3335 1112 3407 diua.
1133 3332 1236 3404 Plau·

34 3481 38 3494 ’
150 3513 161 3552 γ.
276 3469 354 3541 tus,
378 3456 507 3548 Epeum
526 3447 714 3524 fumificum
734 3471 881 3524 cocum:
871 3443 946 3516 a·b
967 3445 1062 3540 Epeo
1078 3440 1141 3513 illo
1150 3439 1235 3536 ,qui
1262 3462 1292 3498 .-

277 3560 401 3644 dicitur
426 3562 468 3634 ad
487 3560 627 3654 Troiam
648 3558 760 3633 facille
780 3580 905 3654 equum
916 3552 1113 3646 Troianum
1137 3548 1235 3648 Argi-

250 3711 254 3720 *
277 3674 369 3766 vois,
385 3674 422 3747 δι
437 3691 513 3767 apte
527 3669 640 3745 cibum
657 3667 795 3743 curalie.
815 3667 894 3740 ideo
909 3664 955 3737 ait
967 3665 1095 3758 Epcum
1111 3658 1236 3732 fumili·
1314 3741 1319 3760 Ι

278 3782 442 3886 cum,qni
456 3778 583 3884 legioni
596 3780 718 3856 nostra
731 3774 830 3855 habet
844 3776 978 3853 nouum
993 3770 1118 3848 cibum.
1133 3769 1235 3869 Aputl

504 4021 515 4062 s
551 4037 566 4054 a
