2834 4567
297 391 364 469 Da
388 389 565 468 uuouu
588 387 762 465 tantu
787 388 866 463 tta.
890 390 949 463 ιν.
1054 414 1099 486 27

145 551 302 650 finguleis
326 552 465 626 turmeis
490 549 562 626 sunt
585 550 686 626 etiam
715 573 806 623 nunc
828 549 924 622 terni.
948 551 1047 641 Quos
1066 548 1102 621 hi

147 664 261 761 primo
288 662 500 737 administros
518 662 580 759 ipfi
601 660 661 737 {ibi
687 661 911 758 adoptabant,
932 661 1103 757 Optiones

31 775 36 786 ’
148 775 270 848 vocati
290 774 419 869 coepti,
437 799 522 872 quoa
539 798 630 847 nunc
649 792 789 869 propter
808 769 1026 843 ambitionem
1040 773 1103 841 tri·

145 882 235 956 buni
251 884 393 957 faciunt.
409 882 592 957 Tubicines
613 908 632 954 a
657 881 735 952 tuba
758 882 796 954 δι
819 879 992 967 canendo,
1013 877 1103 950 fimi·

145 993 228 1066 litet
245 993 422 1084 Liticines,
443 996 482 1068 dc
500 991 660 1068 Cladicot
679 1016 698 1064 a
715 989 830 1065 claffe:
850 967 908 1086 qui
928 989 1008 1063 item
1029 1013 1106 1064 cor·
1178 1013 1179 1016 ’

146 1129 199 1176 nu
223 1125 366 1194 canunt,
384 1121 424 1178 ut
444 1123 517 1176 tum
540 1125 617 1179 cum
639 1101 749 1176 classes
770 1098 916 1173 comitiis
936 1101 977 1172 ad
999 1099 1107 1173 comi·

145 1231 257 1285 ratum
282 1233 420 1288 vocant.
446 1216 534 1308 Quae
556 1238 576 1285 a
598 1211 736 1287 fortuna
761 1212 947 1302 vocabula,
974 1211 1008 1284 in
1034 1212 1108 1283 heis
1153 1265 1174 1306 .,

146 1315 303 1420 quaedam
330 1327 439 1399 minus
461 1343 592 1420 apertat
611 1346 649 1399 ut
672 1348 816 1421 pauper,
843 1323 959 1412 dives,
988 1323 1106 1410 miser,
1133 1326 1137 1334 '

148 1431 281 1505 beatus:
302 1432 345 1504 fic
366 1432 440 1505 alia.
457 1430 590 1527 Pauper
609 1456 628 1504 a
649 1429 784 1527 paulula
806 1453 854 1502 re.
869 1427 990 1515 Miser,
1005 1451 1025 1498 a
1041 1425 1107 1498 mi·

149 1537 305 1628 nus,cui
326 1564 403 1613 cum
424 1562 510 1633 opus
530 1538 597 1625 est,
613 1538 726 1610 minus
750 1536 845 1611 nullo
864 1536 922 1611 est.
941 1535 1073 1619 Dives,
1089 1558 1109 1604 a

147 1649 239 1721 divo
250 1651 261 1737 ,
272 1649 354 1743 qui,
367 1669 407 1721 ut
421 1649 537 1735 Deua,
552 1649 635 1719 nihil
651 1649 802 1744 indigere
818 1639 1108 1736 viderurssBeatus,

148 1756 217 1853 qui
237 1756 341 1826 multa
360 1756 454 1827 bona
475 1752 637 1850 poffidet:
651 1758 689 1827 δι
706 1754 736 1825 is
755 1754 948 1848 Opulentus
965 1756 1008 1825 ab
1025 1778 1111 1848 ope,
1211 1838 1214 1841 ‚

148 1863 213 1939 cui
231 1888 282 1936 eae
299 1862 436 1960 opimae.
458 1864 510 1935 Ab
529 1863 643 1936 eadem
663 1866 787 1960 Inops,
805 1865 863 1959 qui
882 1862 953 1957 ejus
973 1864 1111 1961 indiget.

152 1977 208 2049 Ab
227 1974 349 2048 eodem
369 1975 464 2045 sonte
481 1972 622 2065 Copia,
640 1977 677 2050 δι
695 1972 876 2071 Copiosns.
893 1972 1113 2062 Pecuniosus,

153 2109 175 2157 a
203 2083 343 2177 pecunia
369 2106 510 2180 magna:
536 2082 701 2173 Pecunia,
722 2103 851 2178 apecu.
875 2107 894 2152 a
925 2081 1114 2177 pastoribus

154 2194 247 2268 enim
265 2192 386 2266 horum
400 2190 650 2266 vocabulorum
669 2192 781 2291 origo.
797 2189 992 2266 Artificibus
1004 2191 1113 2264 maxi·

155 2326 212 2375 ma
222 2299 315 2373 causa
328 2300 371 2373 ab
383 2318 469 2375 arte:
482 2300 517 2373 id
538 2298 604 2387 est,
617 2302 659 2374 ab
673 2319 743 2376 arte
756 2297 923 2377 medicina
935 2322 971 2373 ut
986 2301 1024 2373 fit
1038 2304 1113 2375 Me·

158 2407 273 2502 dicus,
284 2432 305 2481 a
317 2407 441 2483 sutrina
454 2399 572 2482 Sutor:
587 2435 657 2483 non
671 2426 690 2481 a
707 2410 897 2500 medendo,
908 2436 949 2484 ac
963 2410 1114 2499 suendo,

159 2541 239 2615 qua
252 2515 396 2588 omnino
405 2513 535 2593 ultima.
549 2516 638 2590 Huic
650 2517 698 2590 rei
713 2542 826 2591 earum
840 2543 951 2606 recum
965 2517 1116 2605 radices,

107 2719 111 2730 Ι
158 2644 198 2698 ut
209 2623 244 2696 in
261 2622 421 2720 proximo
435 2623 525 2697 libro
540 2623 717 2721 aperietur.
730 2627 868 2719 Quare,
883 2624 977 2723 quod
988 2625 1031 2696 ab
1045 2643 1116 2696 arte
1182 2651 1185 2660 ’

160 2732 295 2809 Artifex
316 2732 462 2821 dicitur,
483 2757 547 2809 nec
568 2734 674 2808 multa
702 2734 739 2805 in
761 2760 805 2809 eo
826 2733 990 2821 obscura,
1012 2734 1117 2808 relin-

159 2878 273 2951 quam.
283 2854 409 2928 Similis
425 2852 542 2943 causa,
557 2879 634 2952 quae
653 2853 695 2927 ab
712 2852 849 2929 scientia
868 2876 1038 2930 vocantur
1054 2855 1118 2926 ali·

162 2987 251 3060 qua,
273 2981 312 3037 ut
334 2960 574 3061 praestigiator,
594 2961 768 3054 monitor,
795 2962 1042 3037 nomenclator.
1061 2963 1118 3037 Sic

164 3070 265 3145 etiarn
284 3097 304 3144 a
321 3070 426 3168 spatio
441 3076 589 3171 quodam
612 3072 789 3163 dicuntur,
810 3071 946 3156 cursor,
969 3091 1119 3159 natator,

164 3182 271 3280 pugil.
292 3183 331 3255 δι
347 3182 383 3253 in
403 3183 473 3255 hoc
495 3207 635 3280 genere,
653 3207 729 3280 quae
745 3181 820 3257 sunt
837 3181 1006 3256 uocabula
1018 3234 1030 3269 ,
1044 3181 1117 3273 ple·

165 3315 268 3387 taque
281 3303 413 3387 aperta:
424 3311 462 3365 ut
480 3292 645 3389 Legulus,
658 3294 696 3366 δι
714 3289 967 3385 vindemiator:
979 3289 1061 3364 alter
1076 3290 1120 3362 ab

165 3398 289 3488 oteeis,
305 3398 390 3472 alter
407 3398 448 3472 ab
467 3398 573 3474 uveis‘.
590 3401 672 3475 Hac
688 3397 748 3471 etsi
763 3397 874 3484 minus
894 3418 1018 3494 aperta,
1041 3396 1120 3472 vin·

164 3507 352 3599 demiator,
372 3525 410 3579 ut
430 3507 632 3605 vestigator,
651 3510 689 3582 δι
704 3525 870 3579 venator:
892 3528 1002 3579 tamen
1024 3505 1058 3578 id
1073 3499 1125 3579 est'

165 3619 260 3714 quod
282 3617 541 3710 vindemiator,
561 3620 616 3695 vel
644 3620 739 3718 quod
766 3617 883 3692 vinum
902 3617 1010 3716 legere
1034 3613 1121 3687 dici·

53 3758 58 3786 ·
166 3745 244 3816 tur,
262 3727 319 3800 vel
341 3728 436 3826 quod
456 3726 498 3802 de
517 3727 587 3804 vire
606 3728 644 3807 id
663 3726 785 3815 demit;
805 3726 996 3831 vestigator
1015 3750 1035 3799 a
1055 3747 1119 3796 ve·
1164 3787 1165 3790 ,

166 3836 269 3937 ssigiis
288 3834 451 3931 ferarum,
467 3861 551 3939 quas
564 3836 758 3940 indagatur:
776 3839 928 3913 Venator
946 3861 966 3910 a
984 3851 1122 3945 venatu.
1149 3857 1152 3864 ’
1270 3829 1272 3832 ’
