2834 4567
189 356 216 454 s
289 427 356 504 150
477 406 524 477 u.
548 403 767 477 Tanaum
794 387 1029 479 vnuuours

284 566 357 639 haec
379 564 447 637 duo
472 564 597 654 millia,
620 569 657 640 dc
680 564 725 640 src
751 565 907 661 deinceps
930 565 1189 642 multitudineis:
1205 565 1241 642 in

284 674 417 745 duobus
430 673 554 746 auibus
572 675 693 773 reliqui
716 699 835 748 omnes
852 675 932 748 item
954 676 1097 749 numeri.
1109 679 1242 752 Gradus

283 782 454 879 lingularis
477 782 524 861 est
551 785 585 856 in
605 805 749 882 utroque
770 787 842 859 actu
866 787 909 859 ab
932 812 1003 859 uno
1022 788 1063 859 ad
1088 811 1240 865 novem:

282 892 439 965 denarius
457 895 577 990 gradus
593 920 612 966 a
627 895 742 966 decem
759 895 799 965 ad
817 894 1020 991 nonaginta:
1036 898 1244 969 centenarius

285 1001 328 1075 ad
346 1022 527 1102 nongenta.
544 1005 588 1077 ita
608 1004 714 1077 tribus
733 1002 889 1101 gradibus
906 1004 963 1076 lex
976 993 1120 1078 decuriae
1135 1004 1221 1077 fiunt
1230 1056 1242 1094 ,

256 1123 260 1142 '
285 1130 354 1185 tres
371 1113 557 1203 milliaria,
572 1119 610 1189 δι
631 1101 697 1186 tres
716 1114 875 1186 minores
892 1113 1020 1211 antiqui
1039 1116 1111 1189 heis
1129 1142 1242 1190 nume·

278 1224 352 1310 ,reis
371 1222 507 1295 fuerunt
526 1222 691 1297 contenti.
712 1223 765 1294 nd
790 1222 855 1296 hos
876 1224 1008 1296 tertium
1032 1227 1244 1322 &quartum

287 1332 395 1402 adum
412 1357 430 1403 a
445 1329 578 1404 deciens
591 1329 724 1402 minora
741 1329 971 1426 imposuerunt
985 1332 1170 1420 vocabula,
1185 1356 1245 1404 ne·

287 1461 352 1535 que
367 1439 520 1512 ratione:
536 1438 715 1513 sedtamen
732 1464 802 1512 non
819 1443 938 1511 contra
950 1439 998 1513 est
1017 1442 1163 1522 eam,·de
1177 1464 1245 1538 qua

288 1549 688 1648 scribimus,analogiam.
702 1550 787 1622 Nam
806 1568 843 1621 ut
857 1550 990 1624 deciens
1008 1574 1084 1624 cum
1100 1552 1246 1637 dicatur,

290 1660 358 1733 hoc
388 1662 539 1748 deciens,
566 1679 602 1732 ut
630 1659 699 1731 hoc
727 1659 838 1747 mille,
863 1658 963 1754 hujus
990 1660 1103 1750 mille,
1131 1677 1170 1732 ut
1205 1658 1246 1730 srt

288 1792 466 1870 utrumque
485 1772 551 1842 srne
571 1769 694 1844 casibus
708 1770 829 1856 vocis,
844 1770 1009 1858 dicemus,
1026 1789 1062 1842 ut
1081 1772 1148 1843 hoc
1167 1769 1246 1841 mil·

291 1878 344 1968 le,
370 1880 465 1973 hujus
491 1880 606 1967 mille,
635 1881 678 1952 fic
701 1880 768 1953 hoc
789 1881 952 1968 deciens,
974 1879 1071 1972 huius
1095 1880 1245 1953 decienst

291 2013 355 2061 nec
377 2013 420 2061 eo
442 1988 550 2060 minus
565 1984 609 2058 'in
632 1988 757 2074 altero,
781 1984 872 2081 ‘luod
900 1986 947 2056 ell
972 1987 1085 2075 mille,
1110 2010 1247 2082 praepo·

289 2123 407 2171 nemus
424 2097 478 2169 hei
498 2097 607 2184 mille,
625 2097 750 2176 horum
770 2094 872 2167 mille.
891 2094 1065 2185 Quoniam
1086 2097 1120 2166 in
1139 2119 1182 2168 eo
1201 2094 1248 2168 est

289 2230 416 2278 nomen
442 2227 639 2293 commune,
663 2228 763 2301 quam
782 2224 911 2275 vocant
929 2207 1101 2288 ὁμωνυμίαν
1116 2201 1247 2301 obliqui

289 2314 405 2401 casus;
423 2316 466 2386 ab
483 2316 601 2388 eodem
618 2314 728 2411 capite
743 2313 801 2386 ubi
819 2315 882 2389 erit
902 2319 1069 2400 ὁμωνυμία,
1090 2337 1161 2411 quo
1183 2313 1248 2385 mi·

231 2415 263 2474 7
290 2450 352 2498 nus
370 2425 536 2501 diffimiles
556 2424 655 2516 fiant,
678 2426 828 2524 analogia
842 2454 922 2528 ¹non
944 2425 1111 2524 prohibet.
1134 2428 1248 2522 ltaque
1301 2413 1305 2420 ⁵

289 2540 435 2624 dicimus
458 2542 513 2614 hic
536 2545 663 2639 Argus,
689 2565 767 2613 cum
791 2540 963 2612 hominem
985 2536 1148 2621 dicimus,
1169 2559 1248 2609 cum

290 2650 476 2746 oppidum,
498 2650 691 2723 Graecanice
715 2648 784 2720 hoc
806 2649 936 2746 Argos,
961 2637 1153 2718 Latine'ltei
1180 2647 1248 2715 Ar·

292 2758 366 2852 gei,
386 2758 466 2828 item
490 2755 658 2830 faciemus.
675 2757 790 2828 eadem
811 2780 882 2829 vox
901 2776 1026 2828 nomen
1048 2754 1086 2824 δι
1101 2750 1248 2823 verbum

130 2965 132 2976 y
242 2901 247 2918 2
290 2863 506 2965 fignificabit,
529 2884 566 2936 ut
587 2865 622 2936 in
645 2864 738 2938 casus
760 2869 797 2939 δι
819 2864 854 2936 in
876 2882 1027 2959 tempora
1050 2857 1249 2954 dispariliter

292 2975 503 3062 declinetur,
518 2993 556 3045 ut
572 2971 732 3047 faciamus
749 3001 768 3047 a
784 2975 900 3062 Meto,
917 2971 1012 3068 quod
1033 2990 1158 3040 nomen
1181 2967 1250 3058 est,

292 3086 461 3176 Metonis,
481 3084 783 3183 Metonemtquod
799 3084 941 3157 verbum
959 3080 1027 3169 est,
1040 3099 1155 3169 meto,
1175 3101 1248 3150 me·

173 3256 177 3263 .
290 3194 356 3282 tis,
376 3214 520 3284 metam,
545 3193 719 3289 metebant.
738 3192 1021 3289 Reprehendunt,
1041 3215 1116 3262 cum
1131 3189 1174 3259 ab
1192 3212 1249 3259 ea-

201 3299 212 3322 '
292 3309 368 3378 dem
394 3331 482 3380 voce
502 3307 595 3401 plura
618 3306 693 3379 sunt
719 3303 883 3378 vocabula
906 3305 1089 3391 declinata,
1114 3304 1151 3373 dt
1175 3298 1250 3374 sunt

134 3380 160 3420 ἰ
186 3427 190 3430 ’
294 3440 373 3512 quas
395 3422 573 3498 συνωνυμίαις
601 3415 787 3511 appellant,
805 3430 843 3485 ut
861 3412 1016 3508 Sappho,
1035 3414 1072 3482 &
1096 3408 1249 3494 Alcaeus,

236 3553 239 3560 ·
293 3527 490 3627 &¹Alcae0,
509 3526 554 3599 src
573 3529 740 3624 Geryon,
762 3526 801 3597 &
825 3525 1030 3620 Geryones,
1047 3520 1084 3590 δι
1106 3518 1248 3615 Geryo·

293 3661 369 3706 nas:
385 3636 418 3705 in
434 3636 500 3707 hoc
513 3660 632 3731 genere
642 3688 652 3723 ,
664 3634 759 3731 quod
769 3633 861 3707 casus
874 3653 1046 3727 perperam
1058 3648 1249 3722 permutant

292 3745 450 3841 quidam,
469 3767 537 3814 non
555 3743 803 3838 reprehendunt
821 3739 1028 3836 analogiam,
1050 3736 1104 3806 sed
1122 3735 1179 3831 qui
1200 3735 1248 3806 eis

292 3854 398 3929 utitur
424 3852 587 3954 imperite.
610 3851 703 3951 quod
728 3848 867 3948 quisque
901 3865 1000 3944 caput
1026 3845 1249 3945 pertenderit,
