2834 4567
273 356 321 453 7⁶
478 355 767 444 mmmmm
793 355 1031 434 vannorum

272 514 330 614 qui
353 513 473 612 capitis
492 518 665 593 accusavit
683 520 861 618 Trogum:
882 520 1002 619 inqua
1024 522 1069 598 sic
1083 519 1148 615 esi,
1162 527 1235 600 Aui

274 622 380 720 spicio
396 630 530 701 orando
549 629 623 704 sede
645 630 681 708 iu
699 631 829 728 templo
849 631 1007 728 auspicii,
1023 634 1102 706 dum
1119 638 1236 711 autad

273 753 453 832 praetorem
475 740 593 813 autad
612 738 783 814 consulem
807 740 919 815 mittar
941 743 1125 840 auspicium
1147 747 1235 841 peri·

271 863 344 920 tum
371 868 606 926 commeatum.
636 869 798 946 pretores
819 871 925 926 vocet
944 852 986 925 ad
1013 870 1066 943 te,
1092 841 1139 929 Sc·
1154 879 1233 929 eum

271 957 314 1030 de
339 958 476 1031 moereis
501 977 625 1033 vocet:
652 961 805 1056 praeconi
832 961 868 1034 id
892 962 1057 1057 imperare
1084 984 1232 1061 oportet.

274 1066 485 1140 cornicinem
506 1067 549 1139 ad
570 1066 697 1162 privati
721 1067 875 1160 januam,
895 1070 933 1142 δι
957 1068 990 1140 in
1015 1094 1124 1143 arcem
1153 1072 1234 1143 mit·

270 1193 338 1264 tas,
362 1174 419 1247 ubi
440 1194 539 1249 canat
555 1175 704 1274 collegas
725 1179 769 1250 Τ.
786 1177 913 1274 Trogi,
937 1181 975 1252 δι
997 1179 1137 1253 comitia
1158 1179 1233 1253 cdi·

270 1303 323 1357 car
339 1307 358 1354 e
373 1283 518 1359 rostreis,
531 1285 710 1382 argentarii
729 1287 880 1361 tabernas
903 1288 1104 1361 occludam:
1116 1293 1232 1385 'patrer

212 1401 215 1406 '
270 1391 785 1489 censeam,exquirasdcadeffe
798 1392 922 1486 jubeas.
935 1395 1137 1492 magistratus
1150 1421 1231 1492 ren·

269 1501 336 1575 seat
352 1526 395 1575 ex
412 1524 470 1574 ara
486 1500 660 1591 consules,
678 1520 861 1598 pretores,
878 1501 1100 1601 tribunosque
1119 1503 1230 1598 plebei

270 1609 482 1709 collegasque
502 1609 600 1698 suos,
621 1611 661 1685 δι
685 1610 723 1683 in
747 1611 876 1706 templo
901 1609 1012 1704 jubeas
1034 1611 1141 1685 adesse
1161 1612 1231 1684 ho·

269 1717 409 1805 mineis;
438 1739 479 1792 ac
505 1743 585 1793 curn
611 1717 745 1807 mittar,
773 1720 980 1794 concionem
1007 1720 1166 1794 advoces.
1190 1723 1229 1792 sn

266 1825 388 1899 codem
419 1827 666 1901 commentario
706 1827 942 1924 anquifiriouis
971 1829 1011 1901 ad
1041 1848 1229 1902 extremum

268 1931 430 2030 scriptum
451 1951 552 2030 caput
571 1932 668 2006 edicti
690 1934 761 2034 hoc
777 1933 835 2007 esi.
850 1936 932 2003 irem
950 1935 1044 2027 quod
1060 1933 1228 2031 adtingat,

268 2041 330 2138 qui
352 2043 395 2114 dc
416 2040 611 2114 censoribus
636 2040 803 2114 clafficum
824 2040 866 2112 ad
887 2040 1026 2116 comitia
1045 2042 1229 2118 centuriata
1262 2105 1264 2111 ,

269 2151 457 2223 redemtum
478 2150 621 2238 babent,
642 2148 691 2221 uti
711 2167 831 2222 curent
848 2172 893 2221 eo
911 2151 983 2236 die,
999 2175 1070 2248 quo
1090 2151 1144 2223 die
1163 2177 1229 2225 co·
1301 2158 1303 2160 ’

249 2279 251 2286 '
267 2258 362 2332 mitia
379 2275 499 2346 erunt,
512 2258 549 2327 in
568 2275 643 2330 arce
660 2255 811 2331 claflicus
829 2280 925 2333 canat
941 2284 1012 2332 rum
1031 2264 1228 2361 circumque

265 2360 418 2452 moeros,
441 2364 481 2438 δι
496 2382 576 2460 ante
595 2363 720 2460 privati
738 2363 873 2461 hujusce
895 2368 938 2440 T.
961 2367 1115 2462 Quinsiii
1137 2372 1228 2444 Tro·

266 2474 301 2574 gi
318 2473 473 2549 scelerosi
491 2475 642 2548 hominis
660 2473 830 2566 hosiicurq
850 2496 969 2563 canat;
981 2480 1019 2553 &
1032 2498 1069 2552 ut
1082 2480 1118 2553 in
1134 2501 1228 2555 camd

265 2611 315 2683 po
337 2612 414 2660 cum
436 2585 542 2683 prima
562 2586 631 2660 luci
656 2581 749 2659 ador.
771 2590 814 2659 Et
834 2586 922 2659 inter
943 2588 977 2658 id
992 2613 1075 2662 cum
1099 2591 1226 2664 circum

265 2719 398 2769 moeros
413 2694 579 2782 mittitur,
596 2698 634 2770 δι
656 2719 736 2772 cum
754 2694 880 2769 concio
898 2696 1105 2783 advocatur,
1120 2696 1226 2770 inrer-

263 2802 329 2876 effe
346 2817 495 2898 ternpus,
514 2823 652 2900 appartet
671 2787 714 2876 eir
734 2805 826 2893 heis,
844 2829 920 2902 quae
936 2805 1062 2879 interca
1080 2802 1154 2877 fieri
1173 2804 1225 2877 in·

159 2968 162 2976 ·
206 2982 208 2986 .
263 2914 381 2988 licium
402 2902 560 3010 scripturn
586 2913 642 2989 esi.
664 2916 730 2989 Sed
752 2917 796 2989 ad
819 2916 958 2990 comitia
981 2932 1052 2987 tum
1078 2936 1225 2990 vocatur

254 3025 429 3123 populus:
447 3024 527 3104 ideo
549 3027 644 3122 quod
666 3028 731 3100 alia
752 3028 793 3099 de
820 3027 915 3100 causa
940 3026 995 3101 hic
1019 3028 1224 3127 magistratus

262 3159 336 3209 non
353 3119 462 3232 ootest
474 3136 660 3209 exercitum
678 3137 844 3209 urbanum
857 3157 1053 3210 convocare
1063 3138 1224 3226 accusor,

262 3243 402 3335 consul,
414 3244 557 3320 diflator
568 3245 737 3336 ,interrex
750 3237 870 3343 potest.
888 3248 983 3344 quod
996 3248 1116 3325 censor
1126 3272 1223 3321 exer·

262 3353 335 3425 citu
355 3354 546 3430 centuriato
565 3343 743 3428 constituit
760 3354 1044 3452 quinquennalem
1065 3378 1142 3428 cum
1167 3353 1224 3425 lu·

261 3459 398 3550 firmet,
417 3462 507 3537 &in
528 3465 647 3538 urbem
667 3464 709 3537 ad
727 3464 889 3537 vexillum
908 3465 1031 3540 ducere
1049 3462 1156 3535 debet.
1171 3460 1223 3534 di·

144 3647 148 3656 ,
262 3568 372 3648 stator
389 3570 428 3644 δι
448 3568 566 3643 consui
585 3569 620 3643 in
644 3570 791 3669 fingulos
806 3595 932 3646 annos:
946 3569 1040 3668 quod
1054 3568 1110 3640 hic
1122 3593 1225 3643 excr-

234 3693 238 3701 “
261 3679 345 3756 citui
356 3679 521 3776 imperare
530 3681 738 3779 potest‚quo
750 3700 822 3770 eat,
835 3683 869 3755 id
879 3683 974 3778 quod
987 3698 1125 3776 propter
1138 3705 1222 3754 cen·

239 3792 382 3894 'curiata
395 3793 535 3871 comitia
554 3794 719 3896 imperare
736 3794 855 3870 solem.
871 3797 987 3888 Quare
1004 3816 1076 3865 non
1094 3791 1142 3867 est
1159 3794 1220 3867 du·
