2834 4567
371 347 444 422 ιιι
493 345 794 419 LIBRUM
841 346 951 424 v11.
1072 365 1145 452 259<

175 515 245 574 num
255 528 377 587 ,mater,
393 507 482 581 sacer,
497 504 687 580 tener,·elient
704 503 816 580 similia,
832 527 923 590 neque
940 489 1073 571 diceletur
1086 533 1144 576 ma·
1248 547 1251 552 .

175 595 264 668 trior,
280 593 368 674 magis
394 589 486 685 sapor,
502 591 631 684 tenerior.
650 587 730 728 (pum
743 591 817 649 enim
837 590 957 690 positiva
976 590 1073 730 liupilet
1090 596 1146 691 ¹²²?

176 673 643 834 tttttllntllll'uttz':
655 674 1147 837 ‘tt‘nttluttltnltlt

178 838 277 898 militer
304 835 444 906 crescere,
465 835 599 906 macrior,
622 831 742 903 sacrior,
767 833 895 893 tenerior.
920 837 995 916 quod
1016 839 1043 895 in
1061 838 1148 900 altero

178 936 280 980 mutat.
297 915 527 996 Pertffofyllubata
541 928 645 987 vocat,
659 931 722 994 quae
736 916 762 973 in
776 918 967 995 comparativo
980 918 1085 978 accedit
1099 939 1148 1002 ge.

178 999 271 1059 nitivo
291 995 412 1079 pofitivi.
429 1013 541 1076 oportet
556 997 630 1057 enim
651 999 872 1088 comparativum
888 1017 944 1058 una
966 998 1068 1080 syllaba
1084 1005 1150 1059 vin·

180 1100 242 1139 cere
263 1080 418 1161 genitivum
437 1076 568 1159 positivi,
591 1094 621 1136 ut
638 1096 743 1150 teneri,
762 1079 899 1150 tenerior,
917 1080 1013 1154 dotti,
1034 1080 1149 1144 doitior.

181 1158 321 1221 Charifiut
346 1160 393 1222 lib.
418 1178 451 1221 t:
476 1158 641 1238 conparatio
668 1156 842 1237 absolutionis
859 1160 1080 1242 perifflisyllaham
1104 1186 1149 1225 ne.

180 1241 242 1334 ceste
254 1244 289 1335 est
304 1260 333 1301 ut
346 1243 457 1318 ludent,
473 1260 504 1301 ut
522 1244 610 1303 dolius
626 1240 745 1312 dotiior,
756 1239 855 1320 facilis
862 1240 986 1315 fiacilior:
1003 1246 1053 1324 sed
1062 1246 1092 1322 fi
1103 1246 1147 1303 in-

182 1325 273 1382 cident
286 1323 439 1405 appellatio,
453 1344 509 1403 qun
525 1345 579 1384 non
591 1324 672 1403 potest
685 1321 776 1381 habere
791 1321 1015 1403 periffosyllabanu
1032 1327 1063 1385 in
1082 1347 1150 1387 corn·
1297 1365 1299 1376 ι

180 1407 338 1486 paratione,
358 1426 405 1465 ner
421 1405 567 1484 conparari
582 1404 669 1484 potest.
694 1401 822 1463 ΡΟΡΜΑ.

224 1484 270 1545 lin.
284 1505 303 1562 7
323 1485 361 1566 sq.
380 1489 422 1545 Ur
436 1482 729 1558 candidus,candida‚
742 1503 858 1562 pauper,
870 1494 1021 1565 paupera]
1040 1488 1150 1572 Legen.

184 1563 275 1637 dum,
293 1566 338 1624 lta
354 1565 485 1623 candidus
505 1563 640 1635 candida,
653 1582 785 1639 pauperus
807 1583 939 1641 paupera:
953 1567 1029 1642 quod
1043 1572 1151 1629 unicui·

183 1645 367 1787 pppplanum
391 1641 445 1704 elle
458 1640 564 1724 potest,
578 1643 625 1724 qui
646 1657 737 1700 totum
759 1641 855 1702 locutu
869 1643 979 1705 attende
999 1647 1149 1730 perlegerit.

186 1772 338 1951 Alimae.
363 1803 395 1865 ln
415 1781 541 1883 milio]
557 1803 591 1864 ln
607 1801 675 1863 aliis
692 1802 800 1878 media,
816 1815 847 1866 ut
863 1801 947 1867 doiio
966 1806 1030 1868 viro
1049 1807 1149 1890 placet.

214 1900 379 1950 veusTltt.

554 1964 676 2066 Pagina
707 1989 786 2060 124.

217 2100 275 2164 lin.
302 2121 334 2162 ιι
359 2100 397 2183 sq.
418 2101 542 2181 Perpetui
561 2101 662 2183 filio]
682 2099 809 2184 Suspicor
827 2099 882 2164 elle
898 2102 932 2164 le
951 2102 1072 2180 endum,
1088 2106 1156 2170 Peru
1202 2096 1204 2098 ’

182 2183 268 2264 pinni
285 2201 315 2243 ut
334 2183 391 2246 Ilii.
414 2180 555 2258 Ostendit,
571 2187 684 2244 nomina
699 2183 828 2265 propria,
844 2203 905 2263 quae
923 2123 1013 2245 gnra
1034 2192 1154 2251 nomini·
1217 2248 1221 2254 .

119 2327 122 2334 ,
188 2263 242 2325 bus
257 2267 385 2347 propriis,
400 2284 458 2323 non
471 2262 580 2325 servare
590 2264 758 2402 antippiam,
768 2264 832 2344 quia
846 2265 881 2324 ab
893 2265 934 2328 Ilo
947 2268 1045 2328 dicitur
1056 2271 1156 2348 Ilium,-

189 2362 245 2408 ata
263 2347 377 2407 Romulo
389 2348 475 2407 Roma
482 2368 496 2420 ,·
508 2365 572 2405 cum
584 2343 665 2404 debu‘
689 2361 717 2404 et
733 2343 786 2404 elle
808 2339 933 2418 Romula,
944 2350 975 2409 δι
990 2349 1026 2407 ab
1036 2352 1077 2411 llo
1088 2352 1155 2426 Ilia,

189 2447 297 2488 nomen
313 2427 443 2489 mulieris.
460 2442 558 2487 contra
577 2426 714 2504 Perpenna
731 2444 837 2484 nomen
857 2427 956 2501 virile,
972 2431 1048 2507 quod
1064 2432 1156 2512 ipsum
1276 2441 1278 2444 '

189 2507 426 2651 lupiuspadducit
441 2510 470 2567 in
493 2506 652 2589 exemplum
672 2504 703 2567 δι
721 2521 915 2589 argumentum
941 2525 1038 2570 contra
1060 2514 1157 2575 analo·

129 2605 131 2608 ’
190 2610 275 2684 gram.
317 2604 425 2651 uentu.

233 2672 278 2732 hn.
292 2692 337 2747 ²4·
349 2669 476 2744 Libertini
486 2694 505 2730 a
519 2668 686 2750 municipio]
702 2665 837 2749 Oppida,
857 2669 1021 2764 municipia,
1037 2672 1158 2755 itemque
1273 2689 1275 2694 “

191 2751 331 2814 societates
346 2753 378 2813 lit
395 2751 457 2812 lana
472 2749 608 2810 habebant
621 2747 717 2810 servos
733 2750 867 2831 publicos,
879 2771 948 2833 quos
962 2770 1045 2813 ettam
1061 2776 1159 2817 manu·
1206 2761 1211 2771 ²

194 2835 349 2907 mittebant,
364 2832 523 2916 impositisa
539 2829 565 2890 se
580 2831 756 2892 nominibus:
771 2834 797 2890 in
813 2836 929 2912 quibus,
943 2835 1028 2914 inquit
1044 2835 1158 2913 Varro,

195 2935 252 2975 non
263 2914 406 2977 servantur
419 2916 628 2997 proportionem
639 2912 877 2975 &similitudinem
889 2915 924 2973 ad
935 2916 1045 2976 nomino
1055 2917 1160 2979 Roma·

195 3017 298 3057 norum
313 2997 479 3057 libertorum.
492 2994 539 3057 De
551 2995 632 3055 servo
647 2995 759 3075 publico
770 2997 914 3055 civitatum
930 3000 1051 3056 meminit
1061 2997 1160 3062 Plinius

196 3075 310 3159 epistola
328 3078 364 3136 ad
380 3075 549 3153 Trajanum:
569 3080 666 3138 Utrum
688 3097 737 3157 per
757 3077 877 3155 publicos
896 3076 1034 3135 civitatum
1051 3080 1161 3156 servos,

197 3161 269 3241 quod
286 3156 364 3299 tigne
374 3161 462 3216 adhuc
476 3158 596 3237 fielium,
612 3179 648 3216 an
663 3179 708 3234 per
720 3157 816 3215 milites
830 3157 956 3236 afferuare
973 3161 1102 3236 custodiar
1119 3167 1161 3221 de.

198 3242 279 3300 beam.
327 3261 343 3300 e
362 3241 462 3298 muniti
483 3240 517 3299 ali
543 3240 616 3298 idem
633 3239 711 3314 lib.7
728 3234 771 3316 Ep
782 3234 813 3297 st.
837 3238 937 3317 Agrum
953 3259 986 3298 ex
1008 3243 1070 3298 meis
1086 3244 1161 3322 longe

24 3369 25 3384 ,
195 3321 283 3403 pluris
307 3320 385 3381 ociori
405 3259 512 3398 publico
530 3321 688 3400 mancipavi.
710 3321 740 3379 ὅ(
761 3316 875 3380 Festus:
893 3321 1049 3400 Municeps,
1071 3324 1117 3403 qui
1131 3325 1161 3382 ln

78 3417 83 3423 “
200 3401 370 3486 municiploa
377 3401 504 3485 seruitute
517 3400 651 3461 liberatus.
675 3397 773 3461 IDEM.

563 3534 684 3634 Pagina
718 3561 794 3630 ¹²5·

104 3743 107 3746 ¹
242 3675 288 3737 lin.
307 3693 332 3736 1.
352 3674 409 3755 Qui
425 3673 571 3753 monumiffi
588 3692 648 3734 ante
659 3719 669 3746 ‚
694 3695 772 3755 quam
793 3674 878 3757 δια]
895 3675 986 3738 Locus
1002 3689 1166 3758 corruptut,'

203 3776 287 3839 quent
302 3757 346 3817 alii
363 3760 438 3819 aliter
453 3758 543 3817 conati
565 3755 624 3817 sunt
641 3756 795 3820 emendare.
811 3755 904 3840 Origo
919 3773 1010 3816 autem
1027 3758 1118 3818 mendi
1128 3779 1164 3819 ex

203 3839 376 3923 ignoratione
391 3842 509 3925 autiquae
531 3837 663 3925 ellipseos.
679 3839 798 3921 nonina,
813 3843 875 3923 qui,
890 3857 941 3918 pro
952 3857 1049 3904 eorum
1062 3841 1123 3924 qui,
1134 3855 1165 3902 ut

868 3922 1102 4034 Ra„
