2834 4567
313 305 1013 444 primoutttrmtm01v;,s
1078 376 1117 445 15

162 507 311 609 spicione
327 509 428 584 liberi
441 461 558 601 nani,
575 508 744 584 traductos
767 507 942 584 voluntin
964 508 1121 582 eumlo-

49 711 53 722 Ι
161 630 251 713 cum,
264 620 324 721 qui
334 620 675 695 vocaturCueliolus.
685 620 775 694 Cum
790 618 911 692 Coelio
925 617 1118 711 coniunsiae

72 774 77 786 ·
156 730 318 817 Cnrinae;
343 729 402 803 sed
424 729 511 804 inter
532 754 588 804 eas
614 753 717 829 quem
743 730 860 804 locum
883 728 1115 803 Ceroliensem

158 838 365 935 appellamm
380 856 517 935 apparet
531 891 545 932 ‚
558 839 653 937 quod
665 837 784 936 primae
802 835 952 935 regionis
966 855 1123 934 quartum

158 944 344 1021 sacrarium
366 946 526 1045 scriptum
547 948 593 1023 fic
617 946 675 1034 esi.
703 921 910 1022 Ceroliensis
931 945 1124 1045 quaniceps

157 1053 254 1131 circa
275 1054 507 1133 Minervium:
524 1080 590 1156 qua
607 1055 648 1129 in
671 1056 826 1130 Coelium
848 1073 1002 1131 montem
1030 1055 1125 1150 itur,

157 1164 197 1242 in
212 1167 388 1243 tabemola
400 1167 457 1243 est.
470 1168 676 1243 Cerolienfis
693 1194 714 1243 a
737 1167 924 1245 carinarum
938 1166 1055 1263 junctu
1069 1166 1124 1240 di·
1197 1247 1200 1256 s

156 1274 235 1352 &ur
245 1275 396 1350 Carinae:
411 1274 527 1374 postea
541 1275 723 1368 Cedonia,
737 1279 832 1376 quod
843 1278 924 1352 hinc
937 1276 1050 1353 oritur
1064 1301 1125 1352 ca·

157 1401 222 1483 put
243 1383 344 1461 sacrae
365 1384 434 1459 viae
448 1386 491 1460 ab
506 1384 647 1460 Streniae
666 1385 906 1488 sacello,quae
925 1387 1073 1485 pertinet
1086 1387 1123 1458 in

156 1516 299 1585 arcem,
317 1518 384 1592 qun
407 1493 498 1570 sacra
520 1513 694 1600 quotquot
718 1495 884 1570 menfibus
903 1495 1058 1570 seruntur
1086 1494 1124 1568 in

157 1625 302 1690 arcem,
323 1604 362 1678 &
378 1625 439 1699 per
457 1626 560 1699 quam
579 1625 722 1700 augures
742 1629 786 1677 ex
800 1629 877 1680 arce
901 1604 1043 1702 profeffi
1066 1603 1127 1677 so-‘

156 1710 234 1784 lent
258 1709 470 1809 inaugurare.
496 1710 609 1804 Hujus
632 1710 731 1783 sucrae
760 1712 828 1783 viae
853 1735 929 1808 puts
954 1715 1028 1788 haec
1054 1714 1125 1788 sota

33 1825 34 1828 ’
70 1817 73 1824 ’
156 1817 278 1917 volgo
300 1815 496 1917 'notagquae
514 1816 562 1889 esi
579 1841 599 1890 u
618 1813 707 1890 foro·
723 1815 817 1889 eunti
834 1816 998 1913 proximo
1018 1818 1127 1896 clivo.

157 1930 282 2014 Eidem
308 1927 443 2029 regioni
462 1927 625 2002 attributa*
644 1927 803 2018 Subura,
824 1930 927 2026 quod‘
946 1928 1006 2002 sub
1023 1955 1126 2005 muro

156 2055 274 2114 terreo
287 2038 505 2114 Carinarum:
518 2039 556 2111 in
569 2038 665 2111 erest
678 2043 868 2137 Argeorum
884 2038 1039 2114 sacellum
1054 2040 1126 2114 sex·
1244 2114 1252 2132 ,

160 2164 247 2221 tunt.
267 2146 397 2222 Subura
406 2148 550 2237 ,iunius
563 2146 678 2221 scribit
690 2147 733 2221 ab
755 2171 820 2237 eo,
832 2148 928 2247 quod
944 2147 1046 2222 suerit
1063 2150 1125 2224 sub

160 2255 300 2354 antiqua
311 2257 405 2333 urbe.
418 2241 476 2332 cui
488 2256 716 2342 testimonium
729 2259 839 2356 potest
851 2258 930 2352 esse,
941 2260 1037 2358 quod
1050 2261 1127 2335 sub·

161 2365 370 2453 esteiloco,
386 2366 447 2465 qui
465 2385 594 2442 terreus
615 2393 733 2448 murus
755 2385 913 2442 vocatur.
934 2370 999 2441 Sed
1016 2383 1085 2465 'ego
1106 2396 1127 2445 a
1165 2409 1167 2414 ,

160 2499 253 2575 pago
272 2476 388 2573 potius
399 2477 572 2553 Sucusano
591 2478 712 2554 dietam
730 2502 816 2575 puro
833 2477 999 2551 Sucusam.
1023 2467 1142 2555 Nunc¹
1273 2573 1275 2576 ¹
1335 2553 1340 2560 r

161 2581 321 2659 scribitur
339 2584 437 2662 tertia
457 2587 553 2662 litera
573 2591 621 2680 B,
635 2613 708 2663 non
727 2590 769 2661 C.
789 2590 896 2686 Pagus
915 2588 1126 2679 Sucusanut,
1212 2603 1216 2612 “

33 2739 35 2744 ·
161 2677 259 2791 quod
272 2695 435 2770 succurrit
446 2696 610 2772 Carineis.
633 2699 797 2786 Secundae
810 2697 960 2798 regionis
979 2698 1128 2796 Esquili·
1201 2750 1204 2756 -

162 2831 218 2878 nae
236 2805 280 2879 ab
303 2804 499 2904 Esquileiis:
520 2807 578 2882 alii
605 2808 664 2882 has
687 2805 887 2906 scripserunt
908 2810 952 2881 ab
974 2810 1128 2885 excubiis

164 2915 255 3013 regis
273 2917 525 3003 dissasnliiob
539 2920 712 3017 eo‚,quod
723 2920 898 2993 excultaea
916 2944 992 3016 rege
1005 2919 1127 2992 Tullio
1262 2903 1268 2928 '¹

164 3024 280 3099 essent.
302 3027 393 3104 Huic
413 3028 541 3129 origini
564 3028 669 3128 magis
692 3031 881 3104 concinunt
906 3030 976 3103 luci
998 3028 1125 3116 vicini3

163 3134 264 3231 quod
278 3133 324 3207 ibi
335 3135 431 3211 lucus
445 3136 619 3236 fagutalis,
631 3139 669 3211 &
682 3137 779 3212 lucus
792 3137 971 3236 Mephitis,
983 3139 1020 3211 &
1033 3137 1128 3209 lucus

163 3244 310 3321 lunonis
324 3242 478 3325 Luci'nae:
490 3274 638 3349 qnorum
651 3249 778 3347 angusti
792 3249 895 3323 fine's:
908 3273 983 3352 non¹
993 3247 1131 3323 mirum.-

163 3355 291 3455 itnrdiu
312 3358 405 3432 enim
426 3360 492 3435 late
511 3361 654 3436 avaritia
678 3386 748 3433 una
768 3359 823 3432 est„
842 3365 924 3431 ltem
945 3358 1042 3432 lucus
1062 3362 1131 3434 Lae

165 3492 260 3559 rum,
271 3471 588 3570 Querquetulanum
602 3471 769 3545 sacellum.
780 3469 936 3568 Esquiliae
945 3470 1129 3558 duomon·

100 3631 103 3636 ,
166 3593 217 3650 tes
227 3576 353 3669 habiti,
367 3581 463 3677 quod
476 3605 552 3677 pars
564 3579 698 3677 Cispius
715 3601 815 3651 mons
832 3579 893 3651 suo
906 3579 1049 3676 antiqno
1064 3604 1130 3651 no·

167 3687 261 3761 mine
284 3688 385 3763 etiarn
405 3690 557 3764 nuncin
582 3687 701 3764 sacreis
726 3687 922 3784 appellatur.
947 3690 986 3760 ln
1008 3686 1129 3759 sacreis

137 3843 144 3852 ·
169 3799 361 3899 Argeorum
377 3798 534 3902 scriptum
547 3799 680 3879 estse:
701 3798 835 3899 Oppius
852 3822 951 3878 mons
972 3795 1129 3896 princeps
