2834 4567
143 374 155 400 ·
272 348 343 414 'm
473 338 524 415 u.
549 291 770 414 tanturn
795 341 1028 419 vnnnouss

270 500 349 591 das,
372 496 427 594 sed
449 498 544 596 queis
573 499 641 576 das.
660 499 709 574 eil
730 497 820 600 enirn
845 519 884 576 nt
905 501 991 592 reis,
1012 501 1104 596 heis,
1124 503 1232 605 queis.

271 611 319 682 At
340 609 363 680 ti
385 606 433 680 est
451 608 674 705 quibuscum,
695 635 767 683 non
786 610 861 684 ibus
882 613 920 687 dt
942 613 1116 688 hibuscunt
1137 616 1231 689 dica·

271 717 351 789 tur?
373 717 430 790 Da
454 715 541 811 patri
564 716 730 809 familias,
750 718 864 793 dicere
883 745 956 793 non
977 723 1185 812 debuerunt,
1207 720 1233 794 li
1300 769 1311 786 f

67 819 71 841 '
208 905 214 928 x
272 824 447 924 analogias
464 823 559 924 sequi
575 827 725 901 vellent:
739 828 835 925 quod
850 828 896 902 esl
911 847 949 902 ut
967 831 1112 921 Atinia,
1127 833 1235 905 Scati-

272 941 361 1032 nire,
374 942 527 1032 familias
539 945 584 1019 tic
597 971 665 1021 una
678 946 813 1039 Atinia,
825 946 986 1036 Scatinia,
1002 948 1138 1023 familia.
1149 953 1233 1021 ltent

134 1143 139 1150 .
273 1053 387 1151 plsrres
407 1053 679 1149 patresfamilias
702 1056 814 1131 dicere
836 1083 908 1130 non
930 1058 1141 1147 debuerunt,
1159 1057 1233 1147 sed,

276 1184 313 1238 ut
333 1166 471 1240 Sisenna
497 1166 634 1258 scribit,
652 1168 976 1264 patresfamilinrum.
991 1171 1113 1269 Neque
1128 1194 1235 1266 opor·

275 1278 365 1351 rebat
379 1275 656 1351 consuetudinem
668 1299 790 1352 notare
801 1305 811 1352 ι
823 1279 908 1354 alios
922 1280 1034 1354 dicere
1046 1282 1149 1354 bourn
1164 1305 1237 1379 gre·

166 1404 170 1413 ·
276 1409 354 1483 ges,
368 1385 454 1459 alios
471 1386 657 1460 bovenrm:
674 1405 712 1459 ut
729 1386 874 1475 situum,
890 1387 934 1463 lic
950 1391 1097 1477 lovum,
1118 1392 1155 1463 &
1174 1392 1235 1464 Jo-

277 1518 397 1567 verunt
409 1521 419 1568 ε
432 1519 509 1569 curn
527 1493 606 1567 esset
623 1513 662 1568 ut
681 1489 799 1586 lovis,
819 1495 943 1587 bovis,
963 1496 1080 1588 slruis,
1095 1499 1238 1586 Iovem,

276 1603 425 1694 bovem,
445 1595 587 1695 sitirent,
610 1605 711 1695 lovi,
732 1605 839 1692 bovi,
858 1605 946 1680 strui.
970 1607 1043 1680 Nec
1063 1632 1140 1681 curn
1161 1608 1237 1683 lraec

276 1714 507 1789 convenirent
526 1713 563 1786 in
586 1713 754 1813 obliqueis
770 1716 916 1802 causus,
935 1716 1090 1790 dubitare
1109 1718 1236 1791 debue-

278 1845 358 1899 tunt
379 1825 414 1899 in
436 1824 553 1901 reneis
573 1825 899 1923 propinquioribus:
925 1851 1016 1899 nunc
1037 1826 1073 1898 in
1095 1826 1239 1903 consue·

277 1934 395 2007 tudine
415 1934 511 2009 aliter
529 1933 641 2024 dicere
662 1959 727 2029 pro
747 1933 862 2022 lovis,
882 1933 1054 2030 luppitert
1081 1960 1146 2034 pro
1170 1938 1238 2009 bo·

279 2043 333 2117 vis
349 2045 386 2115 δι
399 2037 578 2133 Ιιιιε,Ί)οςε
596 2064 661 2137 pro
679 2039 798 2129 struis,
811 2038 928 2114 strues.

328 2150 500 2243 Deinceps
517 2147 627 2222 dicant
646 2150 688 2219 de
703 2147 812 2221 altero
828 2172 951 2246 genere
969 2145 1238 2247 vocabulorum,

279 2260 315 2333 in
336 2281 407 2355 quo
428 2255 669 2330 contentiones
697 2255 793 2330 sunt:
815 2275 853 2331 ut
879 2258 1011 2349 album,
1034 2260 1164 2352 albius,
1188 2263 1238 2335 al·

237 2357 240 2362 ⁶
279 2369 458 2444 bissinum.
479 2367 515 2442 in
537 2390 609 2466 quo
630 2391 703 2440 cam
726 2366 918 2465 analogiam
941 2392 1013 2443 non
1034 2368 1160 2444 servari
1178 2397 1239 2467 ap·

280 2493 386 2577 parer.
407 2501 483 2549 narn
505 2502 583 2551 cunt
601 2475 640 2549 sir
661 2474 787 2563 firnile,
806 2474 945 2567 salsum,
966 2476 1114 2549 caldum:
1128 2480 1166 2551 δι
1185 2477 1239 2550 di·
1317 2465 1321 2548 Ῐ

280 2609 378 2666 catur
393 2588 435 2661 ab
453 2588 546 2678 heis,
563 2586 691 2677 salsius,
712 2584 912 2658 salfiffimum
922 2639 935 2675 ,
955 2585 1103 2676 caldius,
1121 2586 1240 2661 caldis·

282 2702 400 2774 fimum
416 2701 532 2774 debuit
547 2700 626 2773 dici.
638 2695 800 2796 quoniam
814 2696 920 2770 firnile
941 2697 987 2771 est
1005 2698 1154 2786 bonum,
1169 2722 1241 2769 nta-

283 2812 354 2883 lum
367 2836 377 2882 :
390 2812 432 2881 ab
451 2808 524 2883 heis
540 2810 718 2884 bonius&
732 2807 869 2896 malins,
885 2805 1097 2879 boniffirnum
1114 2808 1151 2879 δι
1169 2831 1240 2878 nra·

282 2917 463 2991 lisiintutnr
487 2941 604 2991 nonne
630 2916 791 3003 dicimus,
813 2919 963 3003 bonum,
986 2913 1124 3005 melius,
1143 2914 1240 3011 opti·

283 3029 401 3104 mum?
425 3027 571 3120 malunt,
591 3025 707 3125 pejus,
728 3026 925 3124 peffinruml
952 3028 990 3097 ln
1013 3023 1084 3099 aliis
1106 3025 1240 3098 verbeis

283 3140 370 3214 nihil
387 3137 491 3213 deest:
511 3156 550 3210 nt
567 3136 696 3226 dulcis,
712 3136 865 3225 dulcior,
880 3131 1092 3207 dulcissimus.
1110 3134 1145 3206 in
1166 3134 1240 3206 aliis
1365 3198 1367 3201 .

284 3247 452 3349 primunt,
468 3265 508 3322 ut
527 3245 641 3344 pejus,
661 3245 855 3344 pellionum:
872 3243 907 3316 in
923 3242 997 3317 aliis
1013 3219 1181 3329 aridium,
1200 3261 1239 3314 ut
1303 3281 1307 3294 ·

284 3357 424 3444 caestus,
443 3354 648 3429 caefiffintust
665 3353 701 3428 in
714 3354 788 3428 aliis
804 3352 883 3427 bina
903 3352 1000 3442 sunt,
1017 3378 1093 3451 quae
1108 3351 1172 3422 fint
1196 3349 1239 3421 ab

149 3540 151 3545 .
285 3463 402 3536 eadem
423 3486 512 3537 voce
525 3463 706 3539 declinata:
727 3463 816 3536 &ea
832 3461 900 3550 ita,
914 3481 952 3534 ut
970 3460 1050 3533 alias
1068 3456 1172 3531 delinr
1189 3456 1240 3530 se·

287 3570 436 3647 cundum
463 3572 502 3646 δι
526 3572 687 3662 tertium,
712 3590 750 3644 ut
777 3570 813 3645 in
840 3571 925 3662 hoc,
951 3593 1064 3658 mane,
1091 3565 1242 3658 manius,

188 3731 194 3750 .
286 3678 598 3770 maniffintetalias,
612 3699 650 3753 ut
662 3681 734 3755 duo
747 3680 852 3776 pritna
865 3677 991 3769 absint,
1006 3695 1044 3749 ut
1056 3675 1240 3773 optimum:
1268 3717 1273 3726 .

290 3790 370 3867 alias
381 3807 442 3885 ‚ut
461 3789 605 3891 primunt
626 3791 664 3867 δι
681 3788 817 3864 tertium
838 3788 938 3885 defit,
951 3807 991 3862 ut
1008 3783 1136 3860 melius.
1150 3783 1240 3855 Prae·
