2834 4567
280 351 284 360 '
339 337 604 458 onuuoun
628 331 799 454 nunna
823 325 903 449 inu
925 375 969 446 v.
1093 397 1137 473 57

179 537 266 616 Nam
280 536 311 612 ei
334 538 425 612 sacra
437 535 584 619 instituta
602 559 735 622 annua.
747 538 784 611 δι
796 533 919 610 flamen
936 533 1142 616 adtributusz
1254 532 1258 541 “

180 673 277 726 nuuc
299 649 360 722 vix
384 671 511 720 nomen
535 665 661 736 notutn
679 644 824 740 pauceis.
845 646 1072 746 Portumnalia
1086 646 1142 717 lli·

180 759 232 831 ua
249 759 496 851 aqPortunnno,
517 754 639 828 culeo
664 754 718 826 die
745 753 832 827 ades
853 753 890 826 in
911 771 1017 849 portu
1036 752 1144 826 Tibe*

180 864 263 936 rino
284 863 392 950 falla,
408 865 443 937 δι
465 861 559 936 feriae
579 860 749 936 instituta.
772 859 909 933 Vinalia
932 858 1067 934 Rustica
1088 859 1143 932 di·
1266 878 1270 882 ·

178 991 308 1046 cuntur
326 988 402 1045 aute
421 971 509 1044 diem
530 969 768 1044 duodecimum
796 969 966 1044 Kalendas
991 970 1160 1062 Septem--

180 1079 276 1165 bris;
300 1081 391 1179 quod
412 1100 482 1153 tum
504 1081 629 1152 Veneri
644 1078 794 1154 dedicata
812 1077 913 1167 aedis,
928 1081 965 1154 δι
989 1075 1057 1150 orti
1072 1075 1144 1170 ejus

180 1189 297 1263 tutela
324 1188 563 1287 adsignantur,
585 1213 625 1262 ac
645 1205 716 1259 tum
745 1188 820 1264 sunt
850 1186 960 1270 feriati
989 1187 1143 1260 olitores.
1294 1199 1300 1204 ’

70 1333 81 1347 “
179 1299 362 1376 Consualia
379 1300 464 1374 diua
481 1323 500 1392 a
516 1298 657 1388 Conso,
672 1300 767 1396 quod
788 1319 861 1373 tum
883 1298 976 1374 feriae
996 1298 1143 1396 publicae

93 1481 105 1506 ‚
180 1409 212 1486 ei
233 1412 338 1500 Deo,
360 1409 453 1485 &in
475 1409 569 1482 circo
590 1407 741 1482 adaram
761 1406 892 1501 eiusab
915 1406 1145 1482 sacerdotibus

119 1501 128 1516 ’
180 1517 267 1591 fiunt
286 1518 360 1594 ludi
379 1519 444 1607 illi,
466 1518 589 1615 quibus
612 1518 758 1616 virgines
777 1518 910 1593 Sabina
925 1541 1039 1613 rapta.
1054 1517 1144 1589 Vol·

180 1624 310 1698 canalia
326 1650 345 1698 a
366 1626 545 1713 Volcano,
560 1626 654 1720 quod
676 1624 793 1706 eitum
808 1625 922 1716 feria,
940 1630 978 1699 ὅ(
990 1626 1084 1716 quod
1098 1650 1143 1696 eo

99 1763 103 1768 ·
179 1734 238 1805 die
259 1733 410 1829 populus
425 1756 488 1829 pro
508 1732 538 1802 se
555 1731 717 1824 inignem
740 1731 897 1804 animalia
909 1733 1022 1806 mittit.
1045 1736 1145 1826 Ope-

180 1841 327 1923 conliva
357 1841 428 1915 dies
453 1841 496 1914 ab
518 1841 593 1914 Dea
616 1840 858 1938 Opeconfiva,
878 1839 972 1935 cujus
996 1841 1030 1912 in
1058 1839 1146 1938 regia

182 1941 385 2039 sacrarium
400 1941 493 2049 quo‘d
507 1950 585 2024 ideo
599 1954 728 2042 allum,
742 1969 779 2024 ut
797 1976 840 2025 eo
862 1969 983 2049 praeter
1000 1951 1147 2050 virgines
1243 2013 1246 2048 ,

184 2043 351 2151 Vestales,
373 2060 629 2136 &sacerdotem
652 2061 848 2157 publicum,
866 2061 1014 2135 introeat
1031 2085 1170 2135 nemo·
1268 2149 1273 2160 Ι

185 2168 215 2236 ls
236 2190 314 2238 cum
333 2184 410 2256 eat,
431 2164 621 2239 suffibulum
643 2166 734 2240 haud
759 2168 902 2240 habeat:
925 2167 1084 2264 scriptum
1110 2169 1147 2242 id

184 2271 326 2360 dicitur,
343 2290 381 2345 ut
400 2296 419 2345 a
441 2273 604 2347 suffiendo
629 2273 883 2370 subligaculum.
908 2275 1146 2348 Vortumnalia

185 2404 204 2451 a
226 2382 444 2467 Vortumno,
464 2380 559 2474 cujus
580 2377 671 2450 feria
687 2379 832 2451 ouobri
854 2379 977 2452 mense.
992 2381 1148 2470 Maditri-
1255 2437 1258 2444 a

186 2492 277 2564 nalia
290 2491 360 2565 dies
380 2492 484 2564 diuus
505 2517 524 2565 a
544 2492 730 2578 medend03
744 2492 861 2589 quod,
877 2510 914 2565 ut
938 2493 1070 2565 Flaccus
1083 2492 1148 2568 fla-

187 2602 439 2676 menMartialis
461 2602 614 2689 dicebat,
632 2604 700 2675 hoc
723 2604 777 2675 die
795 2604 930 2684 solitum
947 2604 1065 2676 vinum
1080 2628 1148 2677 no·

188 2737 272 2798 uum
288 2715 327 2787 &
348 2732 447 2786 vetus
465 2713 562 2786 libari
576 2718 614 2788 δι
628 2713 791 2810 degustari
811 2715 1045 2789 medicamenti
1064 2739 1148 2789 caus

187 2823 228 2900 sa.
249 2824 355 2915 Quod
377 2822 485 2896 facere
505 2824 613 2896 solent
633 2823 733 2896 etiam
754 2849 845 2897 nunc
865 2821 982 2912 multi,
1001 2850 1078 2897 cum
1092 2824 1147 2895 di·
1241 2837 1244 2848 '

189 2949 291 3021 cant,
316 2935 462 3006 Novum
494 2951 592 3004 vetus
623 2931 744 3003 vinum
774 2931 884 3005 bibo:
911 2955 1011 3004 novo
1039 2932 1147 3004 veteri

190 3042 315 3118 morbo
342 3037 702 3140 medeor.·Fon1inalia
721 3066 740 3115 a
764 3041 884 3133 fonte,
906 3045 1004 3140 quod
1025 3041 1053 3115 is
1077 3043 1148 3115 dies

190 3149 283 3224 seriae
304 3148 386 3245 ejus.
403 3153 445 3225 ab
461 3176 505 3225 eo
526 3169 638 3226 autem
659 3172 729 3225 tum
742 3207 755 3244 ,
768 3157 806 3230 &
822 3152 985 3226 insontes
1001 3175 1148 3225 coronas

188 3260 337 3356 jaciunt,
355 3264 394 3336 &
410 3284 529 3359 puteos
550 3267 731 3342 coronant.
754 3260 1023 3351 Armilullrium,
1038 3263 1081 3336 ab
1102 3287 1148 3336 eo

188 3370 283 3467 quod
304 3369 340 3441 in
365 3370 567 3445 armilustrio
585 3372 703 3446 armati
726 3367 976 3457 sacrasfaeiunt.
994 3369 1065 3443 Nili
1091 3371 1148 3442 lo·

193 3507 249 3556 cus
269 3482 384 3579 potius
399 3482 504 3556 diuus
516 3486 559 3557 ab
569 3484 649 3557 heis.
669 3483 724 3558 sed
740 3482 833 3579 quod
851 3483 892 3555 de
904 3480 974 3556 heis
995 3482 1096 3581 prius.
1112 3483 1160 3555 ld.
1280 3551 1284 3564 ,

104 3599 109 3614 ’
191 3592 398 3681 abluendo,
412 3595 610 3684 autlullro,
626 3594 660 3667 id
671 3592 739 3682 esi,
755 3594 849 3689 quod
859 3594 1080 3668 circumibant
1096 3594 1149 3663 lu·

191 3698 306 3774 dentes
326 3701 491 3775 ancilibus
512 3704 641 3778 armati.
657 3703 843 3777 Saturnalia
866 3703 951 3777 diua
973 3705 1016 3777 ab
1035 3706 1148 3776 Satur·

192 3815 238 3894 no
249 3864 260 3904 ‚
280 3812 376 3913 quod
392 3837 436 3890 eo
461 3815 515 3889 die
536 3813 627 3888 seriae
647 3813 730 3910 ejus.
750 3834 786 3889 ut
806 3814 882 3912 post
901 3814 992 3890 diem
1011 3811 1147 3886 tertium
