2834 4567
222 343 225 350 .
322 301 388 377 DE
412 303 588 426 LlNGlJA
612 303 787 379 LATINA
814 308 893 382 LlB.
919 276 986 383 IV,
1081 249 1133 384 'rr‘

174 463 302 550 [ummo
320 491 444 562 eampo
456 465 656 554 nascuntur,
670 470 708 541 δι
722 466 887 541 sunrnrurn
902 469 1048 545 culmen.
1058 471 1133 546 Ubi

172 572 337 647 frumenta
357 573 441 647 seda
458 593 631 664 terantur,
646 579 682 651 δι
695 573 971 669 arescant,Area.
991 584 1133 679 Propter

170 682 296 756 horurn
325 683 575 760 finrilitudineut
598 686 677 760 loca
701 684 737 761 in
761 688 844 761 urbe
863 714 971 785 pura,
997 687 1137 766 ar'eae.a

171 817 243 891 quo
270 793 382 890 potest,
399 781 499 868 etiarn*
513 799 580 868 trra
600 795 718 868 Deltnr
740 796 804 871 elle
817 851 829 886 ,
842 801 938 897 quod
956 826 1050 897 pura.
1064 800 1138 878 Nil't
1222 791 1224 800 ’

175 903 302 999 potius¹
315 902 357 974 ab
377 904 523 992 ardore,
546 906 588 977 ad
609 928 711 1002 quem
730 923 768 979 ut
790 906 849 997 fit,
873 906 912 981 fit
935 935 1003 983 ara.
1023 935 1042 982 a
1065 933 1138 1009 quo

174 1012 247 1109 ipsa
271 1038 344 1086 area
358 1039 430 1086 non
449 1014 560 1089 abeli:
575 1015 693 1114 quod,
707 1015 767 1115 qui
787 1015 946 1110 arefacit,
966 1021 1068 1092 ardor
1090 1018 1139 1092 est

62 1133 66 1160 '
172 1123 265 1198 solis.
288 1127 375 1224 Ager
400 1126 598 1219 Rellibilis,
621 1124 680 1226 qui
704 1126 890 1201 restituitur
912 1154 951 1203 ac
980 1128 1139 1204 referitur

170 1257 347 1334 quotquot
373 1237 488 1312 anneis
502 1256 656 1330 :contra
678 1239 738 1336 qui
759 1237 1015 1331 intermittitur,
1032 1267 1050 1313 a
1069 1264 1139 1336 no·

169 1348 291 1422 vando
310 1331 456 1423 Novalis
475 1371 561 1445 ager.
583 1349 715 1421 Arnum
739 1351 777 1423 δι
796 1349 964 1423 arationes
986 1350 1028 1421 ab
1042 1373 1138 1421 aran·

168 1458 219 1530 do
234 1485 244 1531 ε
260 1459 299 1542 &
312 1458 355 1534 ab
368 1483 433 1546 eo,
447 1459 543 1555 quod
558 1458 661 1531 aratri
676 1483 798 1534 vonrer
811 1459 978 1550 sullollit,
993 1453 1112 1532 Sulcus
1128 1484 1140 1533 ε
1256 1492 1262 1502 ·

170 1588 246 1664 quo
266 1589 307 1638 ea
327 1582 417 1638 terra
442 1563 554 1658 jada,
578 1564 678 1637 idest
699 1565 876 1660 projedla,
900 1569 1019 1641 Potca.
1041 1569 1140 1639 Prata

170 1676 265 1751 diua
278 1675 322 1747 ab
338 1674 515 1769 eo,quod
528 1673 595 1743 fine
607 1697 710 1769 opere
726 1696 849 1769 parata.
864 1677 972 1768 Quod
983 1677 1141 1780 inagreis
1245 1757 1251 1780 s

170 1803 356 1887 quotquot
374 1783 490 1858 anneis
508 1782 639 1857 rursurn
667 1782 819 1859 facienda
831 1786 969 1874 cadem,
984 1807 1021 1859 ut
1032 1786 1143 1859 rursus
1244 1781 1245 1784 '

171 1895 298 1993 capias·
322 1893 478 1980 fructus,
503 1892 667 1990 appellata
693 1895 812 1973 Rutu·
829 1891 994 1992 (Dividit
1019 1893 1055 1964 in
1082 1917 1143 1965 eos
1248 1971 1257 1983 ,

173 2002 295 2106 agros,
314 2029 393 2080 curn
412 2002 527 2077 scribit
552 2000 747 2098 Sulpicius,
766 2002 878 2076 Plebei
900 2027 978 2075 rura
1005 2001 1144 2104 largitur
1235 2027 1265 2104 Ι·

126 2119 132 2138 ¹
174 2118 220 2194 ad
235 2113 383 2213 areant.)
403 2112 530 2186 Ptaedia
552 2111 660 2202 circla,
683 2111 765 2184 item
784 2131 822 2184 ut
842 2110 991 2209 prades«,
1017 2136 1143 2209 aprae-

165 2227 293 2300 'stando
309 2252 318 2298 :
340 2224 435 2322 quod
450 2247 489 2296 ea
502 2221 641 2320 pignori
657 2222 732 2295 data
748 2214 883 2317 publice
900 2243 1083 2320 nuncupes
1098 2219 1142 2300 fi-,
1262 2259 1265 2265 ·

176 2336 256 2409 dern
275 2331 440 2430 praellent.
461 2330 532 2404 Ubi
554 2356 647 2407 nunc
665 2329 712 2404 est
734 2332 870 2420 Roma,
891 2329 1015 2427 lepter'rr
1039 2356 1145 2404 mon·

178 2445 264 2518 tiurn
281 2438 451 2514 demilllor
467 2437 601 2514 inbutus
616 2439 724 2513 luctu.
742 2434 901 2525 lnfimus‘,
915 2438 1145 2528 humillimus,

154 2615 161 2628 .
176 2552 271 2650 quod
286 2550 323 2622 in
337 2549 467 2624 mundo
489 2547 607 2622 infima
619 2548 753 2622 humus.
779 2547 912 2619 Humor
925 2545 1004 2658 hinc
1018 2546 1144 2645 itaque.

178 2665 260 2737 ldeo
284 2658 453 2749 Lucilius,
471 2661 577 2733 Terra
599 2657 680 2731 abiit
699 2657 737 2760 in
751 2655 904 2746 nimbos,
919 2655 1145 2755 himbtelque.

175 2761 346 2846 Pacuvius
358 2821 369 2858 ,
383 2766 489 2840 Tetra
503 2767 636 2840 exhalat
647 2791 764 2840 aurant
778 2819 789 2856 ,
803 2783 902 2863 atque
915 2791 1069 2840 auroram
1083 2768 1145 2837 nna

179 2881 304 2954 midam
332 2878 532 2952 humectam.
561 2878 655 2950 Hinc
676 2900 755 2978 ager
780 2875 1004 2974 Uliginolus,
1028 2873 1146 2949 hurni-

180 2993 351 3066 dillunus:
371 2989 456 3066 hinc
475 2989 598 3073 Udas,
620 2987 760 3063 uvidus.
781 2986 872 3062 Hinc
895 2986 1010 3062 sudor»
1026 2986 1146 3090 quivis

178 3098 337 3189 deorsum
357 3099 394 3171 in
411 3120 501 3182 terra
521 3097 665 3174 bimber.
692 3099 794 3174 Unde
818 3095 903 3171 sumi
920 3097 1056 3193 potest,
1076 3098 1147 3169 Pu·

178 3236 264 3292 teus.
281 3213 343 3288 nili
364 3212 479 3307 potius
493 3211 587 3311 quod
610 3212 728 3286 AEoles
741 3209 900 3284 dicebant
918 3223 968 3282 uu
982 3217 1079 3282 σύθην
1094 3220 1147 3282 καὶ

178 3340 324 3420 ποταμόν.
344 3321 401 3397 sic
422 3341 545 3419 potura
558 3346 576 3395 a
589 3340 698 3419 potu,
713 3337 846 3392 nonut
865 3339 956 3388 nunc
969 3339 987 3387 a
1001 3331 1091 3394 utcu.
1112 3320 1144 3391 A

177 3433 306 3532 puteeis
320 3432 487 3530 oppidum
505 3431 663 3523 Puteoli,
683 3428 780 3528 quod
803 3428 867 3502 lint
885 3425 975 3500 circa
989 3450 1066 3498 eum
1085 3424 1143 3499 lo·
1201 3525 1204 3530 4

178 3568 259 3618 curn
280 3567 378 3642 aquae
393 3541 582 3642 frigida&
604 3541 724 3617 calidae
738 3537 865 3636 multe.
882 3535 953 3610 Nisr
974 3563 993 3610 a
1016 3555 1143 3632 putore
1210 3537 1215 3556 '

177 3649 316 3748 potius3
331 3651 427 3748 quod
443 3650 579 3748 putidus
591 3651 632 3722 srt
644 3646 809 3724 odoribus
823 3648 909 3742 saepe
926 3670 969 3717 ex
984 3643 1142 3738 sulphure

180 3761 218 3837 ὅ(
231 3757 389 3838 alumine.
402 3760 506 3836 Extra
526 3760 653 3859 oppida
671 3755 837 3859 aputeeis
851 3752 1035 3831 Puticulae:
1050 3748 1151 3849 quod
1285 3773 1287 3776 ·
