2834 4567
287 377 358 446 224
486 357 534 429 u.
558 356 777 480 uturum
803 357 1039 432 vnuuouts

279 542 381 606 nam,
407 459 624 609 Mineruam,
643 520 839 611 Venerem,
861 521 1004 599 Vellanr.
1025 525 1161 629 August.
1182 526 1236 601 tir.

279 630 352 702 VII
358 657 453 721 ,.ιαμ
476 656 511 704 2.

252 737 424 820 lanus
443 736 588 812 mundus
609 733 668 812 est.
686 769 755 835 ιαμ.
777 742 813 814 8.

325 846 423 920 Duas
439 845 538 921 facies
559 868 634 939 ante
654 850 804 923 &retro
830 848 953 923 habere
975 845 1237 940 diciturlanur,

276 958 371 1053 quod
389 956 496 1031 hiatus
510 959 641 1044 noller,
656 986 733 1033 cum
746 985 787 1033 os
801 961 988 1056 aperimus,
1001 962 1129 1034 mundo
1144 961 1238 1034 limi·

268 1067 318 1137 lis
339 1066 503 1139 videatur.
532 1069 693 1144 Unde&
719 1070 865 1165 palatum
893 1073 1007 1144 Graeci
1038 1074 1153 1161 οὐρανὸν
1176 1096 1239 1167 ap·

276 1179 424 1276 pellant,
437 1184 473 1252 δι
487 1180 644 1280 nonnulli
667 1199 780 1302 Poeta
802 1182 931 1268 Larini,
946 1184 1072 1255 caelunrt
1086 1206 1238 1256 vocave-

274 1309 355 1360 runt
373 1289 541 1360 Palatumr
564 1313 590 1359 a·
604 1312 675 1384 quo
695 1288 791 1374 hiatu
814 1288 901 1376 oris,
920 1293 957 1364 &
981 1290 1062 1363 foris
1081 1290 1145 1363 elle
1169 1290 1238 1364 adi·

210 1464 225 1495 ⁸
274 1415 346 1469 tum
365 1398 406 1469 ad
427 1398 542 1469 dentes
557 1396 672 1470 versus
685 1450 697 1485 ,
710 1400 749 1472 &
771 1395 934 1473 introrsus
951 1400 994 1472 ad
1015 1396 1140 1473 fauces.
1161 1407 1238 1476 Au·

275 1507 353 1607 gast.
375 1509 429 1579 lib.
453 1510 525 1577 Vll
534 1558 545 1595 ,
561 1535 628 1601 ιαμ.
646 1509 681 1580 8.
1339 1597 1343 1604 ι

212 1599 215 1612 ’
325 1614 478 1710 luppiter
498 1617 593 1687 Deus
611 1615 656 1688 ell
677 1616 802 1690 liabens
825 1613 1020 1711 potestatem
1043 1616 1238 1710 causarum,

275 1724 400 1822 quibus
414 1724 541 1823 aliquid
558 1724 596 1798 fir
618 1727 653 1797 in
670 1728 810 1799 mundo.
831 1726 871 1814 Ei
893 1726 1103 1821 preponitur
1115 1713 1237 1815 lanua,

279 1836 442 1933 quoniam
471 1861 572 1928 penes
594 1841 712 1910 lanum
742 1839 815 1908 lunt
843 1839 973 1930 prima,
994 1860 1095 1930 penes
1117 1837 1236 1909 lovem

274 1942 411 2015 summa.
432 1944 559 2015 Merito
582 1969 665 2039 ergo
680 1946 760 2038 Rex!
785 1944 936 2014 omnium
957 1944 1109 2038 luppiter
1132 1944 1236 2014 habo-

274 2070 339 2124 rur.
360 2052 469 2123 Prima
487 2052 576 2123 enim
606 2054 791 2124 vincuntur
814 2076 833 2122 a
854 2049 1014 2136 summis,
1036 2051 1135 2144 quia,
1158 2051 1255 2128 licet*

154 2217 160 2224 .
276 2162 385 2256 prima
404 2162 594 2253 pracedant
611 2183 786 2257 tempore,
804 2160 929 2232 summa
951 2158 1107 2257 superant
1124 2162 1235 2260 digni·

275 2293 354 2346 tate.
373 2298 442 2363 ιαμ

325 2299 497 2452 Saturnu9s
509 2403 596 2453 unus
622 2377 735 2451 elide
762 2377 971 2474 principibus
993 2378 1111 2470 Deus,
1134 2405 1237 2477 penes
1304 2387 1312 2402 ’

275 2513 375 2590 quem
398 2487 564 2561 sationum
586 2490 738 2561 omnium
757 2489 948 2561 dominatus
972 2489 1027 2562 est.
1050 2521 1117 2586 ιαμ.
1142 2517 1188 2589 ¹3.
1246 2489 1251 2496 ’

324 2602 504 2673 Saturnum
525 2597 702 2686 dixerunt,
725 2625 800 2696 quae
822 2619 897 2669 nata
914 2622 1017 2670 exeo
1042 2598 1162 2685 ellenr
1179 2612 1236 2672 lo·
1345 2640 1352 2650 ·

271 2709 368 2782 litum
383 2710 569 2793 devorare,
586 2709 679 2802 quod
693 2732 736 2780 eo
751 2706 896 2795 semina,
909 2707 997 2777 unde
1008 2706 1234 2802 nascerentur.

200 2815 203 2822 ’
271 2799 443 2887 reclirent:
434 2818 503 2889 ·&
526 2818 621 2913 quod
645 2818 693 2888 illi
716 2840 779 2912 pro
800 2818 886 2890 Jove
910 2816 1005 2911 gleba
1031 2793 1162 2906 olrjella
1189 2815 1237 2886 etl

140 3006 143 3012 ,
276 2923 500 3015 devoranda,
515 2923 677 3022 fignificat
697 2924 850 2997 manibus
874 2922 1026 2996 humanis
1047 2918 1146 2992 obrui
1160 2946 1234 2994 coe·

216 3031 229 3056 ²
273 3051 348 3128 pras
366 3030 506 3107 serendo
524 3032 845 3129 fruges‚antequam
867 3031 1029 3102 subtilitas
1050 3031 1165 3103 arandi
1182 3027 1233 3103 es·

273 3142 322 3224 {et
344 3142 495 3217 inventa.
516 3144 648 3245 August.
670 3149 707 3214 de
727 3146 820 3214 civit.
842 3145 909 3214 Dar·
922 3146 976 3212 lib.
999 3146 1087 3228 Vll,
1106 3171 1172 3236 ιαμ.
1190 3168 1235 3240 19.
1267 3173 1270 3180 ⁴

160 3246 165 3256 ’
323 3254 456 3328 Falcem
474 3254 573 3344 haber
596 3275 736 3349 propter
752 3252 999 3351 agriculturam.
1023 3258 1154 3326 Ibidem.

169 3447 172 3464 ι
208 3373 212 3383 ’
321 3368 402 3438 ldeo
424 3366 539 3438 dicita
558 3364 757 3462 quibusdam
780 3387 904 3459 pueros
923 3362 954 3434 ei
976 3363 1094 3436 solitos
1113 3361 1234 3435 immo·
1309 3375 1314 3382 ’

270 3475 355 3562 lari,
379 3473 461 3548 licut
480 3500 499 3546 a
522 3477 660 3566 Poenis,
680 3479 718 3549 δι
741 3471 970 3570 aquibusdam
994 3472 1093 3545 etiam
1122 3467 1231 3566 majo·

273 3612 351 3675 res,
367 3584 451 3660 licut
464 3586 597 3673 Gallir;
617 3571 694 3684 quia
713 3586 865 3668 omnium
886 3585 1046 3660 seminum
1060 3586 1230 3684 optimum

259 3696 321 3786 ‘rtl
343 3719 447 3793 genus
464 3697 657 3770 humanum.
675 3699 805 3768 Ibidem.

327 3805 435 3905 Quod
454 3804 587 3882 Caelum
611 3826 740 3905 patrem
763 3806 926 3882 Saturnus
950 3800 1097 3882 castraffe
1123 3799 1161 3877 in
1181 3797 1230 3876 fa·
