2834 4567
281 316 345 389 160
455 318 515 389 M.
538 317 755 391 TERENTll
782 255 1017 394 VARRONli

134 561 143 592 x
275 475 387 554 tiones
413 471 608 548 verborum.
633 475 748 549 Simile
772 476 819 550 est
831 479 957 576 ,quod
982 505 1034 554 res
1059 479 1231 579 plerasque

276 583 411 657 viderur
433 584 554 657 habere
570 573 698 658 easdem
711 612 817 684 ,quas
837 587 920 660 illud
939 589 1113 714 cujusque
1117 592 1232 666 fimile

276 679 444 766 Diffimile
462 693 510 766 ell
518 693 641 790 ,quod
661 694 797 768 viderur
817 696 881 770 elle
893 717 1110 776 contrarium
1134 699 1234 793 huius
1382 685 1388 690 ’

132 859 136 866 ,
226 841 230 848 ·
276 825 452 873 minumum
467 827 509 874 ex
528 802 662 875 duobus
677 803 1081 898 coustatomnesuurle
1073 829 1152 883 rtem
1167 807 1234 880 drs

277 908 393 982 sumile.
415 911 508 1007 quod
528 911 612 982 nihil
630 911 739 1008 potest
752 911 816 984 elle
837 913 966 1001 simile,
988 916 1072 1015 quin
1095 914 1235 1011 alicujus

278 1017 318 1088 lit
344 1017 474 1090 sumile:
495 1019 574 1091 irem
595 1019 678 1090 nihil
698 1017 823 1092 dicitur
843 1021 1017 1108 diffinsse,
1037 1015 1119 1121 quin
1136 1025 1236 1098 adda·

278 1145 354 1219 tur,
366 1126 489 1223 quojus
508 1128 542 1200 id
562 1128 599 1201 su
617 1129 779 1201 diffimile.
794 1130 848 1202 Sic
864 1130 1111 1205 dicitursrmilis
1128 1134 1236 1205 homo
1383 1207 1389 1214 ,

277 1237 432 1325 homini,
448 1261 554 1334 equus
566 1262 657 1336 equo
670 1264 678 1309 :
691 1241 731 1313 δι
748 1239 1027 1316 dilllmilishomo
1039 1233 1129 1337 e‘quo
1141 1267 1150 1312 ι
1162 1267 1237 1314 nam

280 1346 393 1438 similis
415 1347 461 1419 ell
479 1350 588 1420 homo
610 1347 766 1440 homini,
785 1348 864 1421 ideo
882 1352 977 1448 quod
997 1351 1126 1425 easdem
1151 1350 1238 1449 figu-

280 1482 338 1538 ras
355 1458 585 1532 membrorum
602 1459 747 1545 habent,
760 1485 837 1557 quae
849 1486 910 1534 eor
927 1461 1087 1534 dividunt
1101 1463 1143 1534 ab
1158 1461 1237 1535 reli·

281 1592 429 1666 quorum
447 1569 640 1644 animalium
660 1569 789 1666 specie:
807 1571 842 1643 in
864 1570 962 1666 ipleis
985 1571 1182 1645 hominibus
1199 1572 1237 1643 fi·

281 1677 354 1751 mili
371 1679 413 1751 de
430 1677 526 1752 caula
541 1678 595 1754 vir
616 1679 692 1752 viro
715 1679 876 1771 similior,
889 1706 988 1779 quam
1006 1680 1061 1753 vir
1081 1679 1238 1769 mulieri,
1333 1757 1335 1760 ,

282 1788 380 1888 quod
399 1790 512 1885 plures
536 1789 661 1863 habeut
687 1788 815 1862 easdem
839 1812 972 1886 partes·
994 1793 1031 1865 δι
1057 1790 1103 1864 lic
1127 1789 1240 1863 senior

226 1917 241 1942 “
282 1899 352 1972 seni
364 1889 503 1971 finilior
510 1901 634 2007 ,quam
649 1924 767 1994 puero.
776 1900 827 1970 Eo
840 1923 945 1993 porro
956 1895 1131 1971 similiores
1144 1900 1241 2002 sunt,

284 2034 344 2105 qur
334 2006 449 2080 facie
465 2031 606 2133 quoque
628 2030 724 2102 pane
745 2006 880 2094 eadem,
897 2005 1013 2076 habitu
1029 2005 1243 2100 corporisli·

284 2119 368 2193 mili.
386 2123 500 2214 ltaque
516 2143 576 2211 qur
565 2116 686 2213 plura
697 2116 821 2188 habent
837 2083 972 2204 eadem,
983 2112 1141 2190 dicuntur
1152 2115 1242 2187 limi·

284 2228 410 2300 liorest
425 2226 483 2321 qui
504 2225 658 2322 proxime
678 2227 844 2300 accedunt
857 2227 897 2297 ad
916 2225 968 2310 id,
988 2243 1028 2297 ur
1042 2224 1159 2297 omnia
1182 2227 1242 2297 lua·

253 2351 255 2356 ’
286 2337 528 2427 beanteadem‚
544 2355 715 2408 uocantur
728 2336 854 2434 gemina
846 2333 1053 2422 ,limillimi
1068 2336 1172 2427 Sunt,
1183 2336 1243 2433 qui

286 2447 367 2521 treis
387 2465 522 2520 naturas
543 2470 656 2519 rerum
675 2464 796 2541 putent
819 2446 906 2534 effe,
930 2445 1055 2535 limile,
1072 2445 1244 2534 diffimile,

287 2573 463 2647 neutrum,
475 2556 570 2653 quod
590 2554 670 2629 alias
685 2574 831 2628 vocerur
848 2580 918 2627 non
941 2554 1158 2646 fimile,alias
1173 2578 1245 2627 ιιοιι

132 2730 134 2733 ⁴
288 2667 452 2742 dillimile.
477 2669 542 2741 Sed
561 2667 715 2766 quamvis
735 2666 798 2738 tria
818 2667 902 2757 lint,
927 2666 1049 2755 simile,
1071 2665 1245 2755 dillimile‚
1374 2735 1383 2756 ,

289 2795 467 2866 neutrum,
487 2796 598 2850 tamen
617 2770 728 2872 potest
750 2774 859 2847 dividi
879 2774 979 2848 etiam
1000 2774 1034 2846 in
1059 2774 1140 2846 duas
1169 2781 1247 2869 par·

290 2885 378 2960 teis:
401 2886 467 2974 fic,
485 2886 714 2984 quodcunque
739 2883 893 2959 conferas
905 2938 917 2972 ,
943 2905 1000 2957 aut
1027 2884 1131 2955 fimile
1156 2883 1246 2970 elle,
1310 2941 1312 2948 .

257 3049 262 3052 -
290 3015 350 3069 aur
367 2992 527 3068 non'elle.
547 2993 651 3067 fimile
663 2993 729 3067 elle
745 2996 783 3066 δι
797 2993 1008 3081 dillimile,li
1028 2991 1183 3066 uideatur
1195 2994 1246 3066 es·

292 3107 348 3196 se,
366 3123 404 3178 ut
421 3105 512 3179 diri:
533 3117 717 3191 neutrum,
739 3104 763 3173 sr
783 3101 817 3175 in
838 3121 988 3175 neutram
1014 3120 1141 3198 partem
1165 3130 1246 3201 prae·

291 3216 524 3306 ponderemur
544 3215 567 3285 sr
587 3215 835 3333 duaeres,quae
849 3212 1097 3302 conferuntur,
1111 3214 1250 3287 vicenas

271 3323 417 3421 'habent
441 3323 584 3418 parteis,
605 3325 641 3395 &
662 3321 697 3391 in
718 3319 791 3391 heu
812 3321 911 3392 denas
934 3321 1077 3393 habeant
1097 3321 1250 3412 easdem,
1380 3403 1387 3412 q

294 3433 396 3504 denas
424 3432 501 3503 alias
531 3432 575 3505 nd
603 3430 853 3502 similitudinem
887 3432 925 3504 dr
954 3429 1249 3502 dissimilitudinem

250 3565 252 3568 ’
294 3566 391 3639 aeque
405 3541 729 3616 animadvertendas.
742 3541 829 3614 lunc
846 3561 998 3614 naturam
1014 3538 1163 3636 plerique
1175 3539 1252 3612 sub·
1306 3622 1308 3630 y

294 3650 418 3747 jiciunr
432 3647 491 3721 sub
502 3650 774 3723 diffimilirudinis
791 3675 929 3722 nomen.
950 3651 1066 3741 Quare
1089 3646 1250 3745 quoniam

295 3745 352 3852 dr,
362 3777 402 3834 ιιι
417 3757 533 3859 potius
540 3760 581 3834 de
592 3758 784 3849 vocabulo,
799 3782 899 3855 quam
910 3756 952 3829 de
966 3779 1003 3830 re
1018 3752 1255 3832 controversia
