2834 4567
280 379 333 455 34
465 348 770 424 ·M.TER[NT.11
795 346 1031 420 VARRONIS

283 512 381 613 quod
402 509 528 608 lingula
550 510 597 583 ibi
614 526 762 581 extrema
786 507 904 580 bacilla
928 507 1090 583 furcillata
1112 509 1244 585 habent'

284 625 424 727 figuram
436 625 540 695 literae
552 624 595 694 V.
605 621 742 694 cervia
757 618 973 691 similitudine
989 643 1156 692 cornuum
1167 646 1239 722 cer·

285 738 336 814 vi.
349 742 430 808 ltent
449 734 577 829 reliqua
593 730 663 803 fere
683 731 726 801 ab
742 728 975 819 similitudine,
992 751 1029 803 ut
1046 733 1155 805 vinea
1166 786 1177 820 ,
1189 752 1240 806 te·

284 845 402 932 findo,
412 844 505 917 aries.
520 839 669 914 Mensam
682 837 837 913 escariam
851 839 998 912 cibillam
1010 841 1239 937 appellabant:

283 981 325 1030 ea
346 969 416 1030 erat
432 952 609 1049 quadrata,
628 968 664 1022 ut
683 948 784 1022 etiam
804 973 895 1023 nunc
918 947 955 1020 in
981 949 1113 1024 callreis
1130 951 1186 1026 est.
1210 955 1241 1024 A

285 1066 367 1141 cibo
385 1063 509 1136 Cibilla
527 1062 631 1147 dium
653 1058 766 1155 postea
784 1058 929 1130 rotunda
943 1057 1036 1131 facta
1051 1061 1090 1133 δι
1107 1061 1202 1157 quod
1222 1086 1242 1134 a

63 1182 69 1194 ‘
135 1236 139 1244 .
285 1174 388 1247 nobis
405 1171 571 1257 media,a
600 1167 750 1243 Graeceis
772 1178 865 1260 plau,
891 1166 1006 1240 Mensa
1029 1167 1098 1241 dici
1124 1169 1244 1266 potest.

207 1375 211 1398 Ι
287 1281 351 1354 nifi
369 1279 469 1353 etiam
488 1278 584 1376 quod
603 1277 778 1374 ponebant
792 1277 950 1372 pleraque
968 1276 1004 1348 in
1023 1275 1104 1350 cibo
1121 1276 1244 1351 mensa.

285 1390 407 1466 Trulla
426 1416 446 1463 a
468 1387 684 1494 similitudine
709 1408 813 1474 truae,
832 1385 1022 1483 quaequod
1042 1410 1182 1485 magna,
1205 1389 1244 1461 δι

219 1503 223 1511 ’
286 1501 362 1575 baec
389 1496 528 1595 pusilla,
546 1517 584 1571 ut
607 1495 726 1572 truula.
750 1496 839 1569 Hinc
862 1493 976 1568 Graeci
997 1507 1150 1591 agurium,
1175 1516 1243 1564 nos

287 1614 434 1686 tntllana.
448 1613 570 1699 Truae,
587 1634 663 1708 quar
684 1632 703 1679 a
720 1607 833 1681 culina
852 1606 888 1678 in
909 1604 1105 1679 lavatrinam
1120 1628 1244 1701 aquam
1351 1611 1355 1621 '

176 1803 187 1826 ⁸
286 1719 446 1795 fundunt
459 1718 573 1808 Trua,
590 1717 686 1814 quod
703 1716 854 1789 travolat
873 1739 912 1789 ea
932 1739 1039 1814 aqua;
1060 1716 1104 1792 ab
1124 1716 1244 1790 eodem

287 1830 335 1908 eli
357 1829 561 1926 appellatum
580 1828 767 1902 Trulleum.
793 1827 896 1899 limile
923 1827 1012 1899 enim
1037 1824 1164 1924 ligura,
1185 1826 1246 1900 nili

288 1942 386 2041 qdod
403 1939 504 2014 latius
526 1935 679 2031 concipit
699 1961 839 2033 aquam,
862 1937 902 2009 δι
920 1935 1015 2032 quod
1033 1937 1246 2009 manubrium

289 2075 413 2126 catum
432 2073 502 2119 non
522 2046 589 2132 est,
609 2045 669 2118 nist
690 2045 822 2117 vinaria
839 2043 939 2115 trulla
957 2043 1102 2116 acceffit.
1122 2045 1248 2118 Matel-

290 2160 342 2233 lio
365 2184 384 2229 a
401 2155 527 2228 matula
550 2153 671 2239 didus3
691 2154 727 2225 δι
748 2153 854 2236 didus
874 2151 1088 2249 posteaquam
1111 2153 1246 2251 longius

291 2265 438 2364 afigura
465 2262 599 2338 matulae
622 2259 772 2334 dilcellit.
797 2262 835 2334 δι
856 2261 899 2332 ab
923 2286 1010 2359 aqua
1035 2261 1172 2359 Aqualis
1194 2264 1249 2336 di·
1373 2349 1376 2356 A

293 2381 374 2455 aus.
394 2380 462 2448 Vas
477 2372 651 2473 aquarium
677 2392 807 2445 vocant
827 2377 967 2463 lutum,
987 2398 1059 2471 quo
1081 2373 1116 2445 in
1138 2374 1250 2448 tricli·
1326 2438 1333 2444 .

293 2490 355 2564 nio
370 2489 506 2560 allatam
524 2508 645 2579 aquam
659 2481 898 2555 infundebant:
914 2508 987 2579 quo
1004 2482 1118 2578 postea
1136 2484 1251 2560 acces·

293 2600 334 2675 lit
346 2612 561 2692 papiioccum
573 2596 700 2666 Graeco
714 2593 872 2679 nomine;
888 2595 925 2667 δι
943 2618 1021 2668 curn
1042 2594 1163 2667 Latino
1182 2620 1251 2670 no·

294 2707 386 2783 mine
399 2708 520 2778 Graeca
532 2701 638 2800 figura
656 2703 821 2776 barbatus.
834 2702 996 2793 Pelvis,a
1015 2703 1136 2798 pedum
1153 2704 1252 2777 lava·

43 2871 48 2882 .
73 2869 76 2876 ,
175 2886 181 2894 ,
294 2818 412 2900 tione,
426 2833 463 2886 ut
483 2812 646 2910 pedelvis.
659 2814 904 2888 Candelabrum
923 2803 1103 2887 arandela.
1117 2838 1159 2885 ex
1179 2813 1253 2890 heis

295 2926 386 3002 enim
403 2922 545 2997 funiculi
560 2923 712 2996 ardentes
727 2920 924 3020 figebantur.
939 2925 1089 2994 Lucerna
1104 2920 1179 3015 post
1198 2922 1254 2996 in·

297 3056 419 3119 venta,
432 3059 509 3130 quae
523 3032 609 3105 didla
621 3057 640 3104 a
654 3032 748 3117 luce,
762 3050 819 3104 aut
835 3032 931 3129 quod
946 3031 980 3103 id
998 3049 1125 3104 vocant
1138 3031 1252 3106 Graeci

297 3159 419 3237 auxum,
432 3139 518 3216 Vasa
534 3138 569 3211 in
588 3139 699 3211 mensa
714 3137 857 3224 escaria,
872 3137 931 3210 ubi
950 3137 1076 3231 pultem
1096 3157 1152 3212 aut
1161 3138 1255 3231 juru-

278 3313 280 3318 >
295 3256 381 3331 lenti
400 3250 482 3350 quid
497 3251 688 3346 ponebant:
702 3274 722 3322 a
738 3248 904 3342 capiendo
917 3250 1076 3322 Carinum
1096 3249 1255 3321 nomina·

299 3381 435 3438 verunt,
452 3358 512 3433 nili
528 3360 623 3457 quod
638 3357 741 3431 Siculi
759 3356 876 3430 dicunt
892 3369 1021 3444 adriani,
1035 3356 1093 3429 ubi
1115 3356 1178 3428 alla
1192 3379 1254 3449 po·

298 3470 436 3547 nebant.
449 3468 616 3564 blagidam
635 3486 692 3539 aut
712 3465 912 3562 Languhm,
930 3467 1072 3539 alterum
1088 3488 1105 3533 a
1125 3457 1256 3560 magni·

299 3578 438 3664 tudine,
454 3576 595 3648 alterum
615 3578 657 3648 ab
684 3574 860 3647 latitudine
879 3572 1062 3647 finxerunt.
1083 3572 1215 3646 Patinas
1235 3596 1256 3645 a
1409 3585 1411 3592 ’

300 3685 419 3785 patulo
448 3683 625 3768 dixerunt3
652 3706 689 3755 ut
719 3684 872 3777 pusillas,
890 3682 985 3781 quod
1013 3680 1085 3753 heis
1112 3680 1257 3754 libarent

301 3809 420 3872 coenas
439 3792 587 3891 patellas.
609 3792 776 3891 Tryblia‚
795 3794 834 3868 δι
853 3791 1023 3883 Cauillra,
1044 3815 1119 3889 quae
1137 3807 1256 3888 putant
1321 3901 1325 3914 Ι
