2834 4567
218 329 307 420 [η
374 268 377 273 ’
462 255 753 385 ΜζτιεκεΝτιι
777 309 1015 385 vannorus

190 551 194 557 ,
257 491 361 558 vere3
375 472 465 544 unde
484 475 600 570 Lytra.
620 470 737 558 Fiber‚
757 471 800 543 ab
818 479 964 547 extrema
983 496 1045 545 ora
1064 467 1215 546 fluminis

205 669 211 672 ,
257 580 374 653 dextra
392 583 430 655 &
444 581 568 655 finistra
590 582 734 655 maxime
749 583 841 678 quod
857 581 940 657 sobet
955 582 1062 656 videri
1073 611 1082 656 τ
1095 585 1132 657 &
1151 609 1215 656 an·

256 688 344 787 tiqui
357 689 490 763 Fibrum
504 691 657 768 dicebant
673 708 879 777 extremum3
893 690 1030 763 undein
1045 689 1145 789 sageit
1157 716 1215 764 ex·
1242 711 1246 718 ’

131 779 156 815 ’“
256 798 554 888 trema-Fimbria,
568 800 605 872 δι
618 795 661 872 in‘
675 797 790 892 jecore
810 818 997 872 extremum
1018 798 1216 873 Fibrabine

113 939 119 950 ·
259 908 356 979 Fiber
373 907 488 981 diuus.
504 908 594 1001 Qua
609 907 682 980 sunt
695 906 872 980 hominum
892 908 1027 1008 propria
1049 907 1215 1003 primum,
1330 925 1336 934 ·

258 1015 381 1088 deinde
395 1015 436 1086 de
453 1039 576 1111 pecore
586 1068 596 1103 ,
606 1015 707 1086 tertio
722 1015 761 1087 de
774 1013 872 1088 fereis
885 1014 1022 1087 scribam
1036 1014 1217 1112 :incipiam

245 1125 303 1197 *ab
323 1125 455 1196 honore
474 1124 626 1219 publico.
646 1124 774 1196 Consul
795 1124 1003 1210 nominatus,
1019 1126 1113 1222 quod
1129 1149 1218 1197 con·

259 1232 366 1304 sulere
377 1232 543 1327 populum
560 1236 598 1308 &
614 1232 762 1305 senatum
777 1233 886 1305 debet.
903 1231 1217 1327 nifiillincpotius,

103 1335 107 1340 ’
259 1340 350 1409 unde
367 1339 481 1413 attius
500 1338 547 1411 ait
561 1338 596 1411 in
613 1341 740 1438 Bruto,
759 1337 831 1432 Qui
844 1340 931 1412 reete
948 1341 1117 1430 consulat,
1133 1364 1218 1415 con·

249 1443 311 1519 'sut
325 1445 392 1519 fiat.
412 1448 541 1520 Praetor
553 1449 679 1536 diuus,
698 1448 756 1545 qui
771 1448 903 1545 praeiret
914 1447 993 1542 jure
1007 1451 1043 1522 δι
1057 1448 1220 1521 exercitu.

262 1559 384 1651 Aquo
410 1556 579 1645 Lucilius,
600 1559 689 1655 Ergo
711 1579 893 1653 pratorum
914 1555 960 1628 est
987 1576 1063 1628 ante
1087 1555 1221 1651 praeire,
1301 1605 1310 1638 .

261 1663 414 1754 Censor,
428 1667 469 1740 ad
487 1665 582 1760 eujus
595 1666 807 1756 censionem,
818 1664 853 1738 id
867 1666 915 1739 est
934 1665 1126 1756 arbitrium,
1138 1689 1220 1739 cen·

263 1775 390 1848 seretur
405 1777 561 1873 populus.
582 1778 720 1867 reditis,
739 1777 799 1877 qui
818 1778 906 1876 tedet
927 1776 1029 1850 sacras
1049 1781 1085 1852 δι
1106 1776 1220 1871 priva·

264 1902 314 1956 tus
335 1904 542 1980 procuraret.
563 1884 776 1976 Quaestores,
797 1908 816 1954 a
837 1887 1040 1980 quaerendo,
1058 1885 1116 1980 qui
1135 1891 1222 1956 cori·

146 2003 151 2012 '
224 1990 602 2086 vquirerentbublicas
615 1991 793 2085 pecunias,
813 1986 1143 2086 &maleficia,quae
1157 1989 1222 2061 tri·
1268 1977 1274 1990 ’
1351 1987 1353 1994 ’

153 2117 158 2126 ’
265 2097 393 2170 umuiri
415 2095 572 2192 capitales
592 2120 683 2178 nune
705 2094 933 2190 conquirunt;
953 2096 995 2167 ab
1017 2095 1088 2168 heis
1109 2096 1225 2192 postea

179 2221 182 2230 '
265 2207 326 2302 'qui
342 2205 563 2305 quaessionum
580 2203 704 2300 judicia
723 2223 901 2290 exercent,
921 2205 1114 2306 Quaessores
1132 2207 1223 2288 dieti.
1263 2264 1266 2270 .

267 2317 413 2391 Tribuni
439 2316 605 2408 militurn,
629 2317 725 2416 quod
744 2317 832 2390 terni
854 2317 962 2390 tribus
982 2317 1133 2390 tribubus
1154 2320 1222 2390 Ra·

269 2428 420 2518 mnium,
437 2432 624 2519 Lucerum,
640 2428 847 2501 Tutienfium
869 2431 964 2516 olim,
976 2431 1016 2501 ad
1037 2429 1224 2503 exercitum

269 2537 498 2645 mittebantur.
517 2536 664 2608 Tribuni
677 2536 808 2633 plebei,
821 2536 881 2633 qui
901 2561 942 2609 ex
959 2537 1120 2608 tribuneis
1136 2534 1225 2609 mili·

181 2683 184 2692 ¹
270 2663 342 2718 tum
357 2646 500 2741 primum
513 2644 640 2719 tribuni
654 2645 764 2742 plebei
778 2645 873 2735 fatti,
885 2645 945 2744 qui
959 2644 1089 2739 plebem
1105 2644 1224 2717 defen·

271 2757 390 2829 derent
407 2756 443 2828 in
463 2756 642 2831 seceffione
659 2758 924 2834 Crustumerina.
943 2759 1101 2832 Dittator
1112 2755 1226 2853 ‚quod

272 2890 291 2942 a
307 2863 446 2940 consule
467 2866 658 2957 dicebatur,
676 2867 731 2940 cui
745 2867 835 2940 <tino
849 2867 1021 2940 audientes
1033 2887 1153 2936 omnes
1174 2862 1227 2935 es·

264 2974 355 3047 'sent
378 2974 534 3074 Magister
553 2976 725 3076 equitum,
739 2976 833 3073 quod
853 2976 979 3048 summa
998 2973 1145 3071 'potestas
1164 2973 1228 3044 hu·
1241 3009 1268 3060 4

272 3084 325 3179 ius
348 3084 384 3157 in
403 3085 554 3182 equites,
571 3088 609 3158 δι
630 3083 809 3170 adcensost
831 3104 870 3158 ut
893 3082 940 3157 est
962 3083 1086 3154 summa
1106 3077 1230 3178 populi

272 3196 420 3269 Romani
438 3195 600 3285 ditiaton
618 3222 637 3268 a
654 3210 725 3294 quo
741 3196 768 3267 is
781 3219 919 3293 quoque
935 3192 1088 3291 magister
1110 3188 1231 3288 popuii

274 3306 467 3401 appellatus.
492 3304 647 3401 Reliqui,
666 3304 761 3402 quod
782 3304 931 3377 minores
949 3328 1050 3398 quam
1070 3298 1104 3369 hi
1125 3297 1232 3392 magi·
1290 3303 1294 3308 ’

275 3414 353 3504 stri,
373 3414 451 3487 diui
470 3415 705 3514 Magistratus:
725 3434 763 3486 ut
787 3412 830 3485 ab
849 3413 928 3500 albo
947 3412 1097 3484 Aibatus.
1115 3406 1232 3476 Sacer·

275 3522 372 3594 dotes
386 3520 534 3594 universi
547 3549 566 3595 a
583 3522 702 3597 sacreis
717 3522 805 3594 diui.
819 3517 998 3593 Pontifices
1013 3515 1068 3614 (ut
1081 3515 1128 3605 Q.
1142 3515 1233 3585 Sca-

275 3628 359 3701 vola
379 3626 537 3701 Pontifex
553 3628 720 3701 maximus
735 3625 895 3723 dicebat)
911 3651 930 3697 a
949 3622 1039 3719 poue
1057 3623 1095 3692 &
1113 3618 1234 3696 facere.

275 3734 455 3842 pontifices
468 3758 532 3844 ego
546 3760 566 3809 a
578 3729 684 3840 ponte
698 3734 857 3812 arbitror.
873 3757 948 3810 nam
963 3729 1005 3802 ab
1019 3726 1060 3803 iis
1076 3725 1236 3807 subliciut
1281 3733 1289 3754 '
