2834 4567
716 14 727 78 l

187 302 198 317 ‘
279 325 348 423 3⁶2
482 325 531 398 Μ.
556 323 775 401 tanturn
800 330 1037 407 tattonis

276 478 467 579 Olympico
480 481 597 556 vicisse
610 483 803 559 certamine.
816 490 901 559 Plin.
913 493 967 561 tit.
983 493 1087 581 VIII,
1103 517 1167 587 cup.
1176 519 1234 590 34.

275 596 363 685 Aug.
383 596 420 664 dr
438 595 531 669 Gvit.
551 597 621 668 Dei
637 600 692 667 lib.
710 599 857 684 XVIII,
878 627 944 694 cop.
967 629 1013 697 ¹7·

323 700 398 773 Nec
420 698 507 773 idern
526 724 665 801 propter
685 704 775 777 aliud
796 704 977 779 arbitratur
1000 707 1043 781 ab
1067 707 1235 784 historicis

274 805 311 879 itt
321 808 462 882 Arcadia
475 811 540 884 tale
553 836 680 886 nomen
692 812 837 887 affidum
853 816 933 888 Pani
948 820 1141 916 Lycaeo,&
1153 820 1234 895 Jovi

274 919 427 1013 Lycaeo,
448 919 510 991 nili
530 943 670 1019 propter
690 923 778 998 hanc
796 922 833 997 in
847 924 947 1022 lupos
966 926 1144 1001 bominum
1158 956 1233 1003 mu·

274 1029 437 1101 tationem
449 1057 459 1102 t
471 1034 565 1129 quod
581 1057 680 1122 eam,
701 1034 764 1107 nifi
783 1035 819 1108 vi
832 1033 974 1125 divina,
993 1035 1067 1111 lieri
1081 1062 1152 1111 non
1167 1064 1233 1136 pu·

274 1154 392 1209 tarent
408 1141 522 1237 Lupus
543 1142 633 1214 enim
657 1146 779 1216 Graece
798 1149 886 1215 tueor
909 1144 1051 1237 dicitur,
1068 1148 1157 1222 unde
1176 1163 1233 1218 tu·
1329 1144 1332 1153 ’

273 1254 356 1314 actm
368 1272 493 1322 nomen
513 1272 651 1348 apparet
669 1252 843 1327 inflexum.
853 1255 1029 1329 Romanos
1047 1256 1147 1331 etiam
1161 1262 1234 1332 Lu·

272 1381 395 1451 percos
408 1384 450 1432 err
469 1360 607 1436 illorum
628 1362 869 1465 mysteriorum
887 1364 994 1440 veluti
1009 1363 1133 1440 lemine
1148 1366 1234 1442 dicit

272 1488 422 1546 exortos.
445 1474 575 1548 Ibidem.

743 1586 763 1624 st

320 1688 445 1765 Omnis
457 1715 552 1790 ager,
562 1711 600 1764 ut
616 1695 730 1765 Varro
746 1693 867 1783 docet,
883 1690 1126 1793 quadrifariam
1139 1691 1232 1767 divi·

271 1795 372 1869 ditur.
395 1806 463 1873 Aut
487 1800 576 1879 enirn
598 1826 698 1873 arvus
716 1801 763 1873 est
782 1826 883 1897 ager,
900 1803 935 1875 id
957 1801 1023 1887 cll,
1042 1801 1239 1893 sationalis„

269 1924 327 1979 aut
350 1908 497 1980 consttus
509 1962 519 1998 ,
533 1909 568 1979 id
584 1909 652 1997 est,
670 1928 767 2003 aptus
780 1909 977 1996 arboribus,
995 1929 1053 1981 aut
1072 1910 1233 2005 pascuus,

271 2015 330 2111 qui
354 2017 466 2089 herbis
489 2037 616 2089 tantum
638 2036 695 2088 aut
715 2010 916 2088 animalibus
942 2034 1062 2105 vacat,
1081 2038 1141 2088 aut
1161 2019 1232 2090 flo-

271 2147 367 2211 reus,
383 2124 418 2197 in
439 2150 510 2220 quo
531 2123 606 2195 furit
624 2125 717 2229 horti
735 2125 853 2219 apibus
876 2143 1102 2219 congruentes
1114 2130 1152 2200 δι
1166 2126 1231 2200 flo-

92 2272 94 2280 ·
160 2280 162 2287 ,
270 2232 372 2310 ribus.
389 2239 515 2309 Servius
532 2239 599 2309 inl
616 2228 1099 2336 Georgicorum,frlfidor.lib.
1120 2240 1208 2313 XV.

727 2352 759 2390 -ὓ

318 2461 348 2531 Α
373 2455 448 2532 solo
469 2457 589 2532 ltalico
610 2456 772 2532 Liburnia
794 2454 952 2553 Idriaque
976 2453 1131 2528 discrete
1154 2454 1232 2530 sunt

270 2567 419 2640 centenis
439 2566 585 2638 millibus
599 2564 769 2662 palluum,
784 2563 880 2663 quod
898 2561 993 2636 distat
1011 2563 1053 2635 ab
1073 2562 1177 2658 Epiro
1191 2564 1231 2638 dt

269 2673 413 2771 Illyrico
442 2674 684 2772 quinquaginta
704 2672 830 2763 millia,
846 2672 894 2763 ¹ab
915 2669 1026 2746 Africa
1050 2671 1138 2743 intra
1166 2671 1231 2745 du-

225 2783 228 2789 ’
269 2802 367 2855 centa
388 2783 517 2873 millia,
542 2804 579 2856 ut
599 2788 709 2856 Varro
734 2800 997 2870 commemorat,
1019 2780 1061 2852 ab
1082 2780 1233 2855 Sardinia

271 2911 408 2964 centum
432 2892 609 2992 uiginti,a
631 2895 745 2968 Sicilia
765 2894 858 2966 mille
876 2889 1120 2990 quingentis,a
1140 2891 1232 2964 Cor·
1350 2934 1355 2942 ·

116 3034 122 3053 ¹
183 3094 185 3109 Ι
270 3001 336 3074 stca
352 3003 462 3076 minus
482 3002 708 3102 septuaginta,
723 3004 766 3075 ab
789 3003 845 3075 llla
865 3000 1117 3098 quinquaginta.
1142 3006 1231 3075 Ptin.

268 3116 324 3189 tib.
343 3118 416 3204 III,
430 3143 498 3211 cap.
521 3111 765 3190 aenianica.
785 3117 888 3208 Capri·
900 3116 954 3186 lib.
969 3118 1003 3184 V
1001 3116 1023 3185 1
1034 3117 1230 3211 Philologiae.

734 3229 754 3267 Ι*

319 3327 489 3404 Circuitus
499 3330 604 3403 totius
618 3329 722 3403 Ponti
737 3328 842 3405 vicies
853 3329 953 3404 semel
972 3329 1121 3405 centenis
1132 3330 1231 3429 quin·

269 3439 428 3535 quaginta
448 3439 617 3533 millibus,
633 3460 671 3513 ut
689 3443 801 3513 Varro
828 3462 966 3539 quoque
991 3461 1062 3510 non
1083 3439 1232 3528 reticet,

269 3549 465 3643 quiadicit,
481 3553 626 3648 Europe
649 3549 754 3622 totius
771 3548 1018 3648 longitudinem
1042 3550 1161 3620 habere
1180 3548 1232 3620 se·

156 3681 160 3689 ·
247 3730 250 3735 ,
270 3658 383 3757 xagies
397 3681 448 3729 ter
461 3657 598 3755 triginta
613 3659 737 3752 septem
748 3659 866 3750 millia,
880 3655 1050 3758 padusque
1063 3658 1230 3757 quingen·

269 3784 333 3844 tos.
355 3773 514 3844 Martiam.
538 3775 642 3865 Caprl.
664 3774 790 3846 ibidem.
