2834 4567
258 379 308 475 ‚a
372 399 375 402 ·
467 378 516 451 tt.
540 377 756 451 renuunt
780 377 1016 452 vruuours

258 534 297 610 in
314 533 440 609 aedibus
461 534 502 608 ad
519 534 754 632 compluvium
777 537 866 632 apud
886 529 1012 613 multo's
1031 564 1086 613 me
1108 565 1216 637 puero

257 646 468 743 ponebatur:
488 646 527 719 δι
545 645 580 719 in
602 669 661 735 ea,
679 648 718 721 bt
737 672 814 721 cum
837 672 875 720 ea
896 675 987 722 aenea
1005 652 1097 725 vasa:
1117 678 1135 725 a
1155 679 1216 752 ge·

259 757 368 829 reudo
392 756 631 842 Gertibulum,
651 758 742 829 unde
765 758 966 831 cartibulum
988 761 1062 858 post
1081 763 1217 839 ditium.

257 866 420 938 Praeterea
442 883 513 938 erat
534 866 670 946 tertium
695 890 800 962 genus
825 867 967 957 mensa,
988 871 1026 944 δι
1048 872 1220 967 quadratae

259 974 438 1051 vasorum:
459 992 668 1069 vocaturque
686 972 891 1060 Urnarium;
911 977 1004 1071 quod
1018 1003 1118 1050 urnas
1140 1005 1218 1052 cum

139 1085 144 1096 ’
259 1108 350 1181 aqua
370 1082 492 1179 positas
510 1082 555 1154 ibi
570 1083 775 1180 potissimum
789 1079 1004 1164 habeban'tin
1027 1087 1148 1159 culina.
1165 1091 1219 1160 nb

259 1218 306 1268 eo
319 1193 419 1266 etiam
434 1218 525 1267 nunc
541 1214 618 1266 ante
630 1193 799 1267 balineum
817 1194 936 1284 locus,
947 1194 1005 1269 ubi
1023 1197 1108 1290 poni
1129 1197 1219 1272 sole·

259 1301 343 1375 bant
363 1325 473 1406 urna,
494 1301 676 1377 Urnarium
695 1299 850 1377 vocatur.
869 1307 975 1375 Urnae
996 1303 1111 1395 didiae,
1125 1308 1221 1403 quod

160 1465 163 1469 ψ
259 1407 544 1507 winantinaqua
561 1408 1220 1513 haurienda‚utUrinatorrUrinareest
1314 1462 1318 1471 ·

259 1520 369 1619 mergi
379 1519 417 1591 in
431 1546 562 1617 aquam.
576 1521 750 1593 lmburum
764 1516 874 1592 fluum
889 1519 931 1592 ab
944 1522 1053 1607 urbo,
1067 1522 1161 1617 quod
1173 1521 1220 1595 ira

180 1725 181 1728 Ἴ
261 1630 408 1719 flexum,
421 1649 457 1703 ut
467 1633 578 1704 redeat
588 1629 714 1703 sursum
730 1629 845 1705 versut
856 1658 865 1702 :
878 1648 916 1704 ut
933 1630 969 1702 in
983 1653 1112 1711 aratro,
1123 1634 1220 1728 quod

262 1739 310 1813 etl
324 1739 563 1814 urbum.Calix
571 1790 584 1827 ,
599 1764 616 1811 a
630 1739 749 1826 caldo;
762 1740 856 1835 quod
865 1738 901 1811 in
913 1763 958 1811 eo
970 1740 1063 1813 calda
1074 1741 1148 1837 puls
1161 1766 1223 1838 ape

103 1845 115 1877 ¹
264 1849 478 1946 ponebatur,
496 1849 534 1924 δι
556 1847 701 1922 calidum
725 1872 768 1919 eo
790 1848 959 1920 bibebant.
983 1854 1071 1938 Vas,
1088 1851 1147 1922 ubi
1170 1851 1226 1924 ci·'

263 1956 346 2031 bum
364 1956 580 2054 coquebant,
596 1958 696 2031 abeo
716 1957 889 2029 Cacabum
910 1958 1133 2052 appellarunt.
1153 1963 1222 2032 Ve·
1344 2011 1354 2030 r
1411 1923 1412 1930 ἵ

263 2092 305 2140 ru
324 2092 343 2138 a
366 2064 540 2138 versando.
558 2063 613 2135 Ab
626 2053 773 2135 sedendo
792 2063 1001 2158 appellantur
1020 2064 1140 2156 Sedes,
1163 2069 1223 2140 Se·

264 2173 353 2259 dile,
373 2174 493 2245 Sedum
503 2225 516 2260 ,
535 2172 653 2259 Settae,
673 2171 921 2266 Seliquasirum.
938 2171 1073 2245 Deinde
1089 2176 1131 2246 ab
1152 2177 1224 2251 heis

263 2282 473 2358 Subsellium.
484 2299 523 2354 ut
537 2280 730 2375 Subfipere,
745 2280 841 2377 quod
858 2305 930 2353 non
948 2282 1046 2378 plane
1061 2283 1160 2380 sapit:
1176 2287 1222 2360 stc

252 2392 361 2491 ⁴quod
374 2415 444 2463 non
458 2390 556 2486 plane
570 2409 640 2461 erat
653 2388 749 2476 sella,
760 2390 949 2464 subsellium
962 2391 1100 2465 dietum.
1116 2394 1173 2470 ubi
1187 2395 1223 2469 in

264 2499 430 2596 ejusmodi
454 2499 544 2588 duo,
567 2496 746 2572 Bilsellium
771 2499 906 2571 dietum.
927 2507 1032 2586 Arca,
1053 2505 1148 2596 quod
1167 2528 1224 2575 ar·

267 2634 387 2691 centur
407 2610 498 2686 fures
512 2611 555 2684 ab
574 2634 613 2682 ea
628 2609 748 2683 clausa.
762 2609 952 2686 Armarium
973 2614 1011 2692 δι
1028 2617 1225 2686 Armamen·

266 2724 389 2806 tarium
407 2721 450 2793 ab
463 2721 578 2793 eadem
596 2718 749 2817 origine,
764 2718 819 2791 sed
831 2719 995 2792 declinata
1006 2720 1111 2818 aliter.
1123 2727 1225 2797 Mun·
1305 2788 1308 2792 .
1336 2727 1341 2730 ’
1411 2799 1412 2808 ¹

266 2835 333 2905 dus
351 2827 523 2902 muliebris
538 2828 642 2899 didus
657 2852 676 2897 a
694 2825 872 2899 munditia.
887 2829 1057 2917 Ornatus,
1072 2817 1170 2925 quast
1181 2831 1225 2901 ab

268 2967 331 3019 ore
352 2959 458 3026 natus.
484 2937 668 3013 hincenim
693 2937 839 3012 maxime
859 2937 1019 3027 sumitur,
1034 2941 1129 3034 quod
1150 2964 1223 3015 eam

165 3057 169 3060 ’
204 3091 209 3102 ,
269 3053 397 3126 deceat.
423 3052 537 3145 ltaque
558 3047 606 3118 ob
631 3045 667 3117 id
680 3067 810 3141 paratur
824 3046 1005 3143 speculum.
1023 3048 1224 3139 calamistri,

266 3159 365 3258 quod
380 3156 452 3229 heiu
461 3154 646 3228 calesadleis
660 3153 822 3227 incinere
836 3153 974 3250 capillus
988 3175 1138 3228 ornatur.
1152 3157 1224 3249 Qui

269 3296 310 3345 ea
334 3267 595 3358 ministrabat,a
615 3264 729 3338 cinere
752 3262 947 3337 Cinerarius
967 3265 1013 3337 est
1030 3265 1225 3361 appellatus.

267 3377 566 3466 Discerniculum,
591 3395 662 3470 quo
689 3370 887 3444 discernitur
917 3373 1067 3469 capillus.
1093 3375 1225 3461 Peden,

270 3488 368 3589 quod
382 3511 440 3582 per
456 3510 532 3556 eum
547 3483 736 3581 explicatur
749 3482 896 3578 capillus.
911 3483 1109 3580 Speculum,
1122 3505 1141 3553 a
1155 3481 1226 3577 spe·

215 3645 219 3656 ·
272 3599 417 3676 ciendo:
435 3597 529 3693 quod
550 3595 597 3668 ibi
620 3594 778 3690 spectant.
800 3594 906 3666 Veslis
927 3617 946 3665 a
968 3591 1091 3666 veleist
1110 3594 1167 3664 vel
1184 3593 1226 3664 ab

273 3734 339 3796 eo,
352 3707 447 3804 quod
464 3704 571 3775 vellus
584 3704 658 3775 lana
668 3697 767 3775 ¹tonsa
781 3701 937 3773 universa
950 3699 1037 3774 ovis.
1050 3699 1085 3770 id
1103 3700 1225 3771 dietum

274 3818 371 3916 quod
385 3815 554 3898 vellebant
567 3813 694 3890 lanam:
712 3837 755 3889 ex
768 3814 844 3887 lana
855 3812 939 3887 faeta
953 3809 1062 3889 vertis.
1075 3814 1116 3885 Et
1131 3811 1226 3911 quod
