2834 4567
272 359 320 411 ιο
369 293 374 306 ’
477 338 525 411 Μ.
549 336 765 409 teneant
792 339 1026 413 vnnttonrs

269 497 318 570 cit
330 487 478 587 Ennius,
494 491 697 596 Divtlmqite
714 496 957 597 hominumque
975 523 1068 599 pater
1079 527 1156 580 rex.
1169 508 1229 580 Pa·

269 624 340 695 ter,
359 605 454 702 quod
472 604 651 703 patefaciat
668 607 801 697 omnia,
820 608 858 681 δι
877 608 984 704 ipsum
1007 610 1128 686 semen.
1152 639 1229 689 narn

167 749 171 752 ·
266 732 339 788 tum
358 714 403 787 e'll
420 731 647 811 conceptum,
666 718 705 789 δι
726 714 803 789 inde
827 741 904 789 cunt
924 719 1015 808 exit,
1038 724 1134 815 qu'od
1155 725 1228 796 ori·

266 843 335 898 tut.
351 828 429 902 Hoc
446 827 534 899 idem
554 825 659 923 magis
682 827 829 899 ollendit
851 829 1024 926 antiquum
1049 832 1143 907 Jovis
1165 861 1228 908 no·

194 993 197 996 .
266 960 357 1010 men.
378 936 465 1008 Nam
490 932 575 1007 olim
602 935 794 1015 Diovis&
818 936 989 1032 Diespiter
1017 940 1139 1025 dietus,
1159 943 1228 1018 hoc

248 1037 314 1123 ‚est
327 1068 402 1126 aer,
418 1044 455 1115 δι
470 1042 541 1116 dies
558 1061 661 1139 pater.
678 1069 695 1115 a
715 1068 786 1140 quo
804 1041 870 1118 Dei
886 1046 964 1117 dieti
976 1099 986 1134 ,
1000 1049 1057 1144 qni
1079 1050 1175 1124 inde:
1188 1053 1227 1125 δι

266 1152 357 1238 dies,
377 1153 415 1225 δι
438 1150 532 1241 dius,
558 1155 597 1226 δι
622 1152 733 1226 divus.
755 1155 855 1226 Unde
878 1156 947 1225 Sub
972 1156 1052 1245 dio,
1073 1162 1110 1233 δι
1137 1160 1227 1233 Dius

179 1315 181 1319 -
220 1309 224 1318 ·
264 1259 388 1334 Fidius.
409 1262 525 1358 ltaque
544 1261 621 1333 inde
641 1259 713 1350 ejus
730 1261 937 1357 perforatum
958 1265 1155 1353 tedum,ut
1174 1269 1226 1341 vi·
1290 1247 1295 1264 ’

262 1372 381 1442 deatur
404 1367 544 1459 divum,
566 1369 601 1441 id
626 1371 673 1442 esl
692 1373 824 1444 calum.
847 1372 996 1464 Quidam
1020 1393 1141 1471 negant
1165 1375 1225 1448 sub

262 1481 354 1551 teslo
392 1505 450 1574 per
474 1477 564 1586 hirnc
597 1478 745 1576 dejerare
774 1503 945 1579 oportere.
968 1482 1074 1557 AElius
1103 1485 1225 1559 Gallus

262 1590 351 1663 Dius
370 1589 483 1664 Fidius
507 1589 639 1665 dicebar
655 1592 788 1666 Diovis
810 1590 920 1681 filine,
943 1613 980 1665 ttt
1000 1594 1112 1666 Graeci
1134 1607 1224 1672 Arso-
1341 1617 1343 1620 ’

227 1717 231 1730 '
262 1736 357 1793 κουςον
377 1700 570 1774 Castorem:
590 1706 626 1777 δι
645 1704 808 1799 putabant
823 1704 914 1775 hunc
928 1701 993 1776 elle
1011 1704 1165 1778 Sandttm
1180 1703 1224 1773 ab

260 1803 383 1881 Sabina
408 1808 543 1907 lingua,
570 1809 810 1883 &Herculem
834 1807 876 1881 ab
896 1811 1031 1885 Gtaeca.
1054 1813 1142 1882 Idem
1168 1810 1223 1883 hic

253 1917 434 2014 Diespiter
450 1920 595 2007 dicitur,
609 1918 746 1991 intimus
768 1943 845 2003 aer,
869 1918 929 2013 qui
953 1918 999 1988 est
1023 1918 1222 2010 conjunslus

259 2046 378 2118 tertae,
396 2028 455 2099 ubi
480 2027 596 2098 omnia
615 2028 791 2114 oriuntur,
811 2026 870 2096 ubi
896 2027 1113 2098 abotiuntut:
1133 2048 1220 2123 quo·

259 2136 444 2234 rum'quod
456 2133 532 2207 finis
545 2152 661 2221 ortus,
675 2136 787 2205 Orcus
802 2132 916 2205 didus.
933 2135 1042 2226 Quod
1055 2133 1153 2208 lovis
1165 2135 1221 2207 lu·

160 2230 166 2234 ’
218 2318 220 2322 ,
259 2269 310 2317 no
323 2238 521 2337 conjux‚&
541 2243 568 2314 is
580 2239 720 2332 caelunt',
732 2241 804 2315 haec
818 2260 1014 2341 terra,qttae
1027 2243 1142 2315 eadem
1158 2243 1220 2315 tel·
1350 2317 1353 2330 ,

257 2351 312 2456 lus
324 2378 333 2422 τ
347 2354 385 2425 &
410 2375 450 2424 ea
468 2352 574 2439 dida,
590 2352 686 2449 quod
707 2375 774 2426 una
792 2375 868 2423 curn
885 2352 925 2424 Jo
937 2375 973 2423 te
993 2349 1089 2446 juvat
1109 2353 1218 2425 luno:

258 2462 298 2536 &
322 2462 454 2559 regina,
477 2463 573 2558 quod
600 2460 807 2532 haecomnia
831 2460 996 2533 terrestria
1023 2461 1116 2558 tegit.
1138 2461 1218 2552 Sol,

257 2573 313 2650 vel
332 2574 426 2668 quod
436 2573 482 2644 ita
494 2560 624 2658 Sabini,
636 2570 693 2642 vel
708 2572 802 2666 quod
819 2570 927 2644 solum
942 2570 988 2641 ita
1003 2570 1104 2658 lucet,
1119 2590 1157 2642 ut
1173 2595 1218 2668 ep

257 2706 302 2753 eo
322 2683 392 2753 dies
409 2681 457 2751 sit.
471 2683 587 2770 Luna,
601 2682 695 2777 quod
708 2680 779 2753 sola
803 2680 892 2753 lucet
913 2681 1027 2753 nodio.
1046 2680 1159 2776 itaque
1174 2705 1217 2753 ea

258 2791 346 2864 dieta
374 2789 556 2864 Nosliluca
589 2789 624 2859 in
648 2790 805 2862 Palatio:
822 2814 898 2860 narn
929 2788 976 2859 ibi
1002 2789 1104 2860 nollo
1128 2788 1218 2860 lucet

257 2899 434 2996 templum.
449 2900 559 2988 hanc,
574 2918 611 2971 ut
624 2899 739 2971 Solem
755 2898 974 2995 Apollinem,
991 2893 1125 2991 quidam
1147 2895 1217 2967 Di·

257 3036 356 3085 anam
375 3029 502 3084 vocant
520 3005 707 3105 Apollinis:
725 3010 933 3082 vocabulum
955 3009 1113 3078 Graecum
1132 3006 1216 3077 alte·
1346 3033 1356 3054 ·

255 3146 357 3207 rum,
375 3118 530 3190 Latinum
543 3118 691 3188 alterum.
706 3119 743 3190 δι
755 3116 836 3189 hinc
848 3116 943 3213 quod
958 3114 992 3186 in
1007 3113 1215 3186 altitudinem

255 3231 294 3301 δι
313 3228 522 3300 latitudinem
538 3227 651 3317 srmul,
663 3225 816 3299 Diviana
835 3226 1010 3322 appellata.
1028 3224 1117 3296 Hinc
1133 3223 1211 3316 lipi-
1287 3301 1293 3310 ¹

253 3335 410 3408 cltarmus
423 3336 511 3407 Enni
532 3334 768 3432 Proserpinam
784 3359 922 3432 quoque
935 3333 1102 3431 appellat,
1119 3330 1214 3425 quod

253 3443 341 3517 solet
362 3442 426 3514 esse
446 3444 505 3515 sub
526 3447 654 3520 terreis.
677 3445 876 3543 Proserpina
898 3445 1005 3531 dida,
1022 3440 1117 3537 qnod
1139 3439 1213 3513 lraec
1272 3437 1287 3472 ²

253 3573 292 3628 ut
315 3553 447 3652 serpens
468 3557 575 3629 modo
602 3558 636 3629 in
661 3558 835 3645 dextram,
858 3559 965 3628 modo
993 3553 1027 3623 in
1053 3549 1212 3622 srnislratn
1247 3541 1261 3560 ’
1406 3617 1407 3626 ,

252 3684 383 3764 partem
403 3666 468 3739 late
490 3687 660 3741 movetur.
680 3670 819 3763 Serpete
842 3663 1099 3758 &proserpere
1124 3659 1212 3732 idern
1239 3687 1245 3698 ⁸

253 3778 427 3855 dicebant:
441 3793 479 3852 ut
492 3775 650 3871 Plautus,
666 3778 726 3876 qui
742 3777 875 3868 scribit,
890 3771 995 3867 Quasi
1015 3771 1214 3871 proserpens
