2834 4567
235 438 309 487 ,ἱ
417 376 913 451 rnnomamra
1068 382 1131 480 ,m

181 564 270 614 mam
289 536 469 636 infignem,
483 537 541 613 vel
559 537 698 610 nimium
715 538 919 627 candorem,
940 540 996 612 vel
1013 536 1139 639 cdrpo·¹

182 650 230 724 ris
253 649 456 739 laevitatem,
482 647 540 721 vel
567 666 658 720 artus
686 645 873 738 delicatos,
899 638 954 722 vel
980 649 1139 724 'staturam
1214 683 1217 689 ¹

182 759 341 847 brevem,
359 757 417 830 vel
439 780 561 829 vocem
583 753 760 853 gracilem,
778 754 836 828 vel
856 755 1007 830 animum
1027 756 1138 833 imbe-

182 868 318 957 cillum,
338 866 456 942 velex
475 866 527 939 his
544 866 652 962 plura.

229 979 312 1049 Item
333 975 500 1071 fipartem
522 974 558 1047 in
576 973 728 1047 dextram
745 972 855 1048 semen
870 972 1027 1048 feminini
1041 975 1139 1051 sexus

181 1082 376 1170 influxerit,
399 1080 524 1157 femina
550 1082 686 1182 quidem
719 1102 947 1179 procreatur:
970 1084 1026 1157 sed
1048 1110 1140 1182 quo·

61 1260 66 1264 .
182 1195 272 1266 niam
294 1194 330 1267 in
349 1192 531 1268 masculina
547 1209 642 1292 parte
663 1218 833 1290 concepta·
851 1193 913 1284 fit,
933 1194 1032 1268 habet
1055 1195 1090 1268 in
1108 1196 1142 1270 se

183 1304 312 1404 aliquid
333 1305 523 1395 virilitatis,
540 1305 628 1401 ultra
650 1329 751 1401 quam
777 1304 872 1379 sexus
889 1303 978 1378 ratio
1000 1306 1142 1403 permit·

182 1434 253 1507 tat,
271 1435 328 1491 aut
345 1418 454 1494 valida
473 1417 647 1504 membra,
668 1435 726 1487 aut
749 1415 1004 1489 immoderatam
1029 1417 1163 1514 longi?

183 1526 359 1617 tudinem,
381 1544 440 1605 aut
465 1523 597 1599 fuscum
626 1523 804 1612 colorem,
825 1540 882 1594 aut
905 1522 1066 1618 hispidam
1092 1526 1143 1597 fa·
1218 1514 1242 1529 ’

152 1680 154 1695 ·
183 1635 293 1726 ciem,
311 1650 369 1706 aut
393 1624 527 1707 vultirm
556 1629 782 1718 indecorum,
804 1649 863 1703 aut
887 1654 1012 1705 vocem
1036 1634 1143 1708 robu-

184 1742 267 1814 stam
282 1790 294 1830 ,
311 1758 368 1814 aut
386 1738 536 1815 animum
553 1736 735 1828 audacem,
754 1757 811 1810 aut
829 1764 872 1810 ex
890 1739 942 1811 his
960 1740 1066 1833 plura.

230 1852 265 1923 Si
287 1874 374 1925 vero
396 1843 613 1923 masculinum
632 1843 668 1916 in
690 1844 864 1936 dextram,
883 1844 1084 1920 femininum
1106 1848 1144 1922 in

184 1958 343 2033 sinistram
373 1953 588 2055 pervenerit,
609 1954 744 2051 utrique
774 1953 878 2029 foems
904 1957 991 2030 rede
1015 1982 1144 2052 prove·
1248 2032 1252 2041 .

186 2070 306 2156 nium,
330 2086 368 2140 ut
392 2069 431 2139 δι
453 2063 585 2138 seminis
614 2088 675 2161 per
699 2064 815 2139 omnia
842 2086 976 2140 natura·
995 2066 1059 2138 suae
1083 2069 1143 2140 de.

186 2202 247 2252 cus
262 2176 413 2265 constet,
428 2176 466 2247 δι
486 2171 632 2246 maribus
651 2191 719 2244 tam
736 2190 871 2262 mente,
893 2199 993 2273 quam
1016 2199 1143 2273 corpo·

186 2310 223 2359 re
245 2285 352 2358 robur
374 2284 477 2359 virile
496 2280 660 2356 servetur.
688 2286 817 2365 Ibidem.

659 2385 679 2423 a
836 2388 839 2393 Α

141 2504 144 2509 ’
235 2477 457 2552 Grammatici
474 2478 591 2569 afficiar
620 2475 775 2551 conflant
801 2476 951 2573 partibus
977 2501 1144 2575 quatuor,

187 2590 369 2676 Ledione,
393 2587 637 2697 Enarratione,
662 2587 909 2661 Emendatione
932 2591 971 2664 &
998 2591 1144 2667 iudicio.

187 2704 340 2774 Diomad.
363 2704 418 2775 lib.
444 2704 492 2773 11.

647 2800 669 2837 ἃ

235 2894 376 2971 Sceleris
402 2892 554 2992 magister
573 2892 703 2967 amixit.
723 2899 809 3031 Idan
829 2898 888 2975 lib.
904 2898 935 2971 I.

516 3043 584 3106 LE
605 3044 628 3107 C
650 3044 724 3107 TO
746 3044 772 3107 R
792 3044 816 3107 l.

235 3145 314 3216 Hac
317 3147 478 3239 sequentia
488 3148 670 3243 fragmenta
678 3140 680 3144 Α
682 3150 755 3237 jura
777 3151 938 3239 meritoque
950 3148 986 3216 in
1000 3148 1144 3218 ultimam

142 3322 144 3327 ,
188 3254 308 3354 alaffem
329 3257 578 3351 fragmentomrn
606 3262 760 3330 Varronis
780 3255 964 3343 rejecimus:
986 3284 1061 3328 narn
1090 3286 1145 3331 nra

189 3371 296 3460 quoad
306 3369 397 3437 verba
414 3367 483 3460 ipſsa
504 3370 593 3439 illius
603 3370 705 3462 stant,
721 3364 754 3439 ἃ
768 3367 897 3437 annius
908 3365 963 3464 effe
973 3371 1072 3439 cuiuis
1082 3398 1144 3461 pa·

189 3502 251 3567 m,
272 3505 364 3571 neque
388 3484 471 3548 ullos
492 3501 602 3570 poetas
624 3481 717 3571 legit,
738 3479 790 3570 qui
814 3479 927 3571 nescit,
952 3479 1041 3565 cujus
1052 3479 1145 3576 stru:

189 3612 249 3658 nos
269 3610 372 3656 tamen
383 3589 547 3687 superflua
559 3592 723 3683 diligentia
744 3618 781 3660 ea
793 3594 843 3661 laic
861 3594 1095 3693 adscripfimus,
1107 3623 1146 3667 na

188 3698 359 3766 videremur
370 3698 560 3789 quidquam,
578 3702 663 3789 quod
681 3705 733 3768 rel
744 3726 838 3773 errore
860 3707 1011 3773 memoria
1030 3707 1143 3793 Vartu-

191 3808 227 3873 ni
249 3806 413 3896 tribuitur,
434 3803 606 3903 neglexiffr.
