2834 4567
213 325 263 406 u.
290 332 509 405 retenuit
536 291 770 405 trunonis
795 333 874 406 uu
899 336 987 408 vrn.
1039 351 1108 434 ιη
1224 415 1225 420 r

148 491 293 566 libus&
309 481 469 566 limilibus
489 492 622 569 verbeis
639 515 780 583 eorurn,
794 492 888 588 quod
909 492 1109 567 declinario⁴

151 600 251 675 nibus
272 600 412 675 conflat.
427 623 536 699 neque
557 598 747 690 anomalia,
761 624 871 699 neque
892 600 1045 698 analogia
1060 599 1112 675 est

149 709 363 805 repudianda.
382 710 444 782 nili
462 710 487 782 fi
506 734 578 784 non
600 707 648 783 est
671 709 780 782 horno
799 710 995 797 exanima,
1015 710 1111 806 quod

150 819 197 892 eli
209 819 320 892 horno
334 842 378 892 ex
390 842 538 916 corpore
550 820 589 893 δι
603 818 726 892 anima.
740 819 804 892 Sed
818 842 878 906 ea,
889 843 966 915 qua
980 818 1113 906 dicam,

24 969 26 972 ·
149 953 222 1027 quo
240 929 373 1004 facilius
392 929 561 1027 pervideri
580 927 722 1025 poffint,
735 928 828 1024 prius
847 929 889 1001 de
911 929 1029 1002 trineis
1048 951 1113 1001 co·

149 1038 258 1136 puleis
272 1038 517 1118 differendum
535 1063 610 1112 nam
625 1032 793 1113 consuunt
808 1060 851 1108 ex
864 1056 1009 1135 utraque
1021 1055 1115 1133 parte

149 1151 312 1249 pleraque
323 1151 504 1242 dicuntur,
518 1153 665 1248 quor'unt
681 1149 747 1220 alia
759 1150 801 1220 ad
814 1149 912 1222 aliam
927 1148 1044 1222 referri
1056 1149 1116 1220 de·.

151 1259 235 1334 beat
254 1259 424 1337 summanr.
440 1260 587 1333 Primum
598 1261 640 1332 de
652 1249 807 1354 copuleis
819 1281 945 1331 naturae
962 1262 1001 1334 δι
1016 1259 1115 1333 sueis.

152 1365 226 1440 haec
246 1367 337 1440 euim
358 1367 429 1440 duo
450 1364 547 1453 sunt,
568 1389 645 1464 quae
669 1365 809 1462 exigunt
835 1365 991 1439 diversa:
1017 1366 1115 1463 quod

153 1473 246 1552 aliud
261 1474 328 1567 eli,
345 1473 458 1549 dicere
472 1475 658 1550 verborum
671 1473 861 1572 analogias,
875 1474 989 1565 aliud,
1002 1476 1115 1549 dicere

155 1582 209 1658 uti
220 1607 381 1681 oportere
399 1583 575 1680 analogiis.
597 1582 788 1654 Secundum'
805 1585 846 1656 de
858 1584 1011 1681 copuleis
1026 1585 1116 1658 mul·

153 1692 331 1781 titudinis,
352 1716 393 1764 ac
413 1687 514 1776 linis:
537 1679 718 1781 utrumque
748 1688 903 1770 omnium
931 1691 1116 1767 verborum

154 1800 290 1880 dicatur
313 1800 379 1875 effe
398 1796 575 1894 analogia,
594 1819 638 1868 an
658 1793 760 1883 usus,
778 1819 821 1868 an
840 1793 980 1892 majoris
1001 1801 1118 1893 partis.

157 1911 333 2002 Tertium,
353 1912 396 1984 de
414 1907 569 2004 copuleis
588 1905 827 2003 personarum,
849 1910 908 2005 qui
925 1907 973 1983 eis
991 1910 1117 1985 debent

158 2021 230 2116 uti,
245 2046 322 2119 quae
343 2017 419 2091 sunt
440 2015 563 2112 plures.
582 2015 658 2087 Alia
681 2017 773 2089 enirn
798 2016 920 2114 populi
943 2019 1119 2114 universi,

160 2128 223 2203 alia
241 2126 469 2225 iugulorum:
490 2124 527 2197 dt
544 2122 586 2195 de
602 2122 673 2196 heis
691 2147 763 2197 non
779 2124 894 2198 eadem
912 2147 1065 2215 oratores
1079 2131 1119 2204 δι

115 2283 118 2286 ι
160 2255 294 2334 poetae
318 2234 415 2334 quod
439 2256 559 2308 eorum
584 2255 656 2304 non
677 2231 766 2307 idem
787 2231 853 2329 jus.
870 2239 983 2334 ltaque
1003 2262 1120 2336 popu.

24 2415 28 2452 Ι
158 2348 212 2421 lus
228 2342 407 2421 universus
426 2342 524 2417 debet
541 2342 576 2433 in
601 2339 761 2415 omnibus
778 2343 913 2416 verbeis
929 2346 980 2419 uti
999 2349 1120 2423 analo·

24 2469 26 2514 l
160 2453 238 2552 gia:
256 2453 317 2541 δι,
338 2450 363 2523 fi
383 2473 565 2548 perperam¹
582 2448 628 2522 eli
654 2447 864 2535 consuetus,
888 2451 1059 2549 corrigere
1087 2454 1121 2526 se

159 2561 250 2659 ipse3
265 2586 341 2635 curn
361 2579 479 2656 orator
498 2581 570 2629 non
585 2558 705 2631 debeat
718 2558 754 2630 in
769 2558 930 2632 omnibus
940 2560 990 2632 uti
1004 2586 1014 2632 t
1026 2561 1122 2658 quod
1228 2643 1231 2648 ,
1251 2543 1253 2546 ’

161 2672 230 2745 fine
246 2670 433 2744 offensione
451 2694 523 2743 non
538 2667 647 2766 potell
662 2665 794 2759 facere,
808 2693 887 2743 cum
902 2689 1013 2765 poeta
1028 2689 1123 2746 tran·

163 2779 249 2854 lilire
272 2779 378 2853 lineas
397 2780 537 2876 impune
565 2777 700 2873 poffinr.
721 2779 873 2877 Populus
898 2782 988 2854 eninr
1009 2783 1045 2855 in
1066 2783 1123 2859 sua

45 2917 49 2932 ·
164 2886 349 2985 potestate,
370 2885 492 2986 finguli
511 2885 548 2958 in
564 2885 664 2959 illius.
680 2888 795 2985 ltaque
812 2907 850 2962 ut
873 2888 962 2963 suant
979 2891 1123 2990 quisque

165 2997 460 3088 consuetudinem,
479 2996 504 3069 fi
524 2996 612 3069 mala
634 2995 703 3086 est,
726 2998 1058 3096 corrigere‘debeat3
1078 3001 1122 3076 fic

164 3106 316 3207 populus
334 3106 432 3186 suam.
445 3110 519 3205 Ego
540 3108 659 3206 populi
679 3107 931 3182 consuetudinis
943 3109 1124 3201 nonium,

164 3235 203 3291 ut
223 3215 404 3292 dominus:
423 3236 457 3291 at
474 3216 531 3290 ille
547 3241 632 3290 ntea
653 3216 709 3288 eli.
730 3220 778 3290 Ut
800 3218 925 3290 rationi
948 3218 1125 3315 obtempe-

165 3354 240 3404 rare
258 3328 359 3402 debet
372 3328 592 3425 gubernator,
608 3326 828 3432 gubernatori
849 3326 1075 3428 unusquisque
1088 3331 1126 3405 in
1172 3395 1185 3412 ,

167 3434 268 3536 nari3
283 3436 328 3510 lic
340 3436 486 3534 populus
498 3436 645 3524 rationi,
657 3458 721 3507 nos
737 3433 854 3533 singuli
867 3435 1010 3534 populo.
1023 3440 1126 3532 Qua.

168 3571 206 3622 re
224 3548 266 3620 ad
288 3572 527 3647 quamcunque
548 3549 709 3621 summanr
733 3547 933 3624 indicendo
958 3550 1126 3642 reseram,
1249 3642 1250 3646 Ἰ

170 3655 458 3732 fianimadvertes
469 3709 480 3747 ,
493 3657 680 3757 intelliges,
695 3659 806 3728 utrum'
824 3656 952 3731 dicatur
972 3657 1128 3754 analogia

169 3766 256 3862 elle,
274 3793 318 3843 an
328 3767 409 3874 ,uti
428 3787 628 3869 oporteret,
642 3764 811 3868 redigere,
826 3766 895 3847 dici
915 3767 950 3845 id
963 3766 1000 3844 in
1012 3791 1130 3869 popu·
