2834 4567
281 361 353 436 266
486 362 535 433 Μ.
560 360 777 434 TERENTII
804 360 1040 435 VARRONIS

251 551 255 562 ¹
327 519 431 593 Tunc
445 535 583 612 repente
599 518 746 593 caelitutn
763 517 869 593 altum
879 515 1068 595 'tonitribus
1082 519 1245 620 templum

141 679 150 698 ι
280 628 436 703 tonescit.
457 631 547 702 Non.
568 631 720 726 Tomscit.

328 739 371 811 Et
393 757 487 833 pater
501 737 656 831 Divfim,
676 739 849 816 trisulcum
873 737 1023 828 fulmen,
1046 738 1116 839 igni
1141 736 1246 814 fervi-

279 846 348 936 do,
363 848 511 921 astutum
526 848 636 922 mittat
652 848 836 923 in'tholunt
853 851 998 924 macelli.
1014 855 1100 922 Non.
1116 854 1264 934 Sulcus„

1397 705 1402 802 t

342 956 465 1051 Magna
479 974 515 1027 ut
528 954 695 1028 tremiscat
709 958 840 1050 Roma,
851 961 889 1033 &
901 983 1029 1057 magnae
1041 945 1248 1030 mandonum
1345 1027 1348 1030 ,

279 1061 378 1162 gulae.
397 1068 486 1139 Non.
507 1071 738 1141 Manduconcs.

329 1174 419 1245 Cum
445 1173 627 1246 noviffime
648 1175 820 1267 mitteret,
843 1194 1012 1275 quantum
1036 1174 1136 1251 sumti
1159 1172 1248 1249 fece·

278 1278 333 1352 rit.
352 1283 442 1351 Non.
462 1284 568 1351 Sumti
576 1308 638 1375 pro
647 1284 787 1374 sumtus.

327 1389 398 1460 Avi
421 1392 458 1464 &
479 1390 571 1463 atavi
589 1391 715 1483 nostri,
728 1418 805 1467 cum
829 1390 1002 1469 allium·ac
1019 1417 1112 1490 caepe
1127 1415 1250 1464 eonnn

278 1494 388 1571 verba
408 1497 561 1589 olerent,
582 1513 695 1600 tanen
715 1502 847 1599 optime
867 1503 1007 1577 animati
1029 1521 1134 1575 erant.
1156 1506 1249 1573 Non.

279 1612 375 1705 Caepe.
394 1610 476 1684 Gen.
494 1614 610 1687 Neutr.

339 1720 448 1813 Quod
467 1742 581 1795 utrum
601 1721 641 1796 fit
660 1748 820 1823 magnum
845 1748 888 1799 an
908 1747 1073 1821 parvum,
1091 1671 1182 1799 facnl
1204 1744 1248 1795 an

276 1827 416 1903 difficul.
431 1835 521 1904 Non.
538 1838 641 1906 Facul
646 1835 891 1929 ,profaciliten

327 1941 522 2025 Κατάκριιις.
540 1940 595 2012 Est
620 1941 712 2012 enim
739 1967 819 2012 vera
845 1940 994 2032 causa,
983 1967 1019 2014 ιιι
1045 1938 1250 2017 candelabro

169 2027 178 2046 l
277 2052 403 2149 pendet
420 2044 565 2148 strigilts.
598 2057 685 2123 Non.
705 2056 859 2148 Strigilis.

240 2249 244 2257 A
328 2165 430 2238 Levis
449 2165 580 2264 tippula
598 2164 717 2240 linifici
738 2165 881 2265 frigidos
902 2164 1018 2241 ttanfit
1036 2164 1142 2241 lacus.
1158 2167 1250 2244 Non.
1295 2257 1302 2270 1

281 2279 431 2458 Τιςίζίιῗι
444 2410 547 2484 quem
562 2385 673 2466 senem
691 2384 809 2460 Latina
824 2385 913 2464 vidit
932 2385 1142 2466 diriffimum.
1156 2390 1250 2459 Non.

278 2496 492 2594 Diriffimttm.

268 2603 435 2701 ipsum
457 2623 599 2702 propter
617 2602 678 2678 vix
702 2601 816 2677 liberti
829 2601 978 2679 semiatri
997 2604 1250 2705 exsequiantut.
1331 2674 1336 2684 .

277 2717 366 2787 Non.
388 2718 637 2812 Exsequiantur.

327 2823 402 2896 Nos
423 2848 508 2923 ergo
525 2824 609 2897 nihil
627 2807 775 2922 egimt'ts,
795 2821 891 2920 quod
914 2823 1024 2921 legem
1044 2819 1267 2912 Lucaniam.

276 2931 345 3007 luci
364 2931 460 3009 claro
477 2934 602 3029 latam,
613 2934 867 3009 scutulavimus.
885 2939 1038 3026 Nonius,
1053 2940 1129 3008 Lux
1143 2938 1250 3030 Masc.

274 3071 405 3142 gemm·

338 3154 491 3254 Mihique
517 3155 687 3247 divitum,
714 3154 790 3228 stilo
814 3153 931 3229 nostro
961 3154 1135 3255 papyrino
1163 3135 1258 3227 levii‘

277 3260 418 3357 scapos,
433 3266 561 3363 capitio
577 3293 698 3357 novo,
711 3285 810 3363 partu
826 3266 979 3364 poetico.
997 3272 1086 3342 Non.
1099 3272 1248 3361 Scapum·

326 3373 402 3449 Nec
421 3401 476 3451 me
497 3380 637 3475 pedatus
658 3378 816 3451 versuum
837 3380 964 3452 tardor.

277 3478 440 3553 Refrenet
464 3501 536 3554 arte
564 3509 640 3557 cum
663 3482 854 3582 prytimutn
872 3503 1012 3562 certum·

277 3593 427 3678 Nonius,
446 3594 597 3665 Tarditas
614 3596 718 3689 Masc.
734 3621 851 3691 genere.

328 3696 399 3797 Ipse
412 3696 493 3772 fistis
510 3701 610 3775 dicite
632 3703 766 3791 [abde3

225 3841 229 3850 ·
277 3809 320 3884 Et
337 3809 449 3902 vivos
464 3809 673 3890 contemnite
696 3810 797 3893 vivit
