<?xml version="1.0" encoding="UTF-8"?>
<!DOCTYPE html PUBLIC "-//W3C//DTD XHTML 1.0 Transitional//EN"
    "http://www.w3.org/TR/xhtml1/DTD/xhtml1-transitional.dtd">
<html xmlns="http://www.w3.org/1999/xhtml" xml:lang="en" lang="en">
 <head>
  <title>
</title>
<meta http-equiv="Content-Type" content="text/html;charset=utf-8" />
  <meta name='ocr-system' content='tesseract 3.04.00' />
  <meta name='ocr-capabilities' content='ocr_page ocr_carea ocr_par ocr_line ocrx_word'/>
</head>
<body>
  <div class='ocr_page' id='page_1' title='image "./mtervarronisdel00bipogoog/mtervarronisdel00bipogoog_0186.png"; bbox 0 0 2834 4567; ppageno 0'>
   <div class='ocr_carea' id='block_1_1' title="bbox 255 311 1021 433">
    <p class='ocr_par' dir='ltr' id='par_1_1' title="bbox 255 311 1021 433">
     <span class='ocr_line' id='line_1_1' title="bbox 255 311 1021 433; baseline 0.007 -18"><span class='ocrx_word' id='word_1_1' title='bbox 255 311 321 433; x_wconf 69' lang='lat'>1‘42</span> <span class='ocrx_word' id='word_1_2' title='bbox 390 415 393 430; x_wconf 80' lang='grc'>,</span> <span class='ocrx_word' id='word_1_3' title='bbox 461 340 512 414; x_wconf 86' lang='lat' dir='ltr'>u.</span> <span class='ocrx_word' id='word_1_4' title='bbox 538 342 757 417; x_wconf 80' lang='lat' dir='ltr'>Taurum</span> <span class='ocrx_word' id='word_1_5' title='bbox 782 345 1021 420; x_wconf 77' lang='lat' dir='ltr'>vuuuours</span> 
     </span>
    </p>
   </div>
   <div class='ocr_carea' id='block_1_2' title="bbox 167 483 1298 3574">
    <p class='ocr_par' dir='ltr' id='par_1_2' title="bbox 167 483 1298 3574">
     <span class='ocr_line' id='line_1_2' title="bbox 251 483 1216 604; baseline 0.005 -26"><span class='ocrx_word' id='word_1_6' title='bbox 251 483 433 578; x_wconf 65' lang='lat' dir='ltr'>cern&#39;endei</span> <span class='ocrx_word' id='word_1_7' title='bbox 448 499 544 575; x_wconf 85' lang='lat' dir='ltr'>causa</span> <span class='ocrx_word' id='word_1_8' title='bbox 555 557 567 592; x_wconf 89' lang='lat'><strong>,</strong></span> <span class='ocrx_word' id='word_1_9' title='bbox 580 523 617 576; x_wconf 92' lang='lat' dir='ltr'>ut</span> <span class='ocrx_word' id='word_1_10' title='bbox 634 503 764 600; x_wconf 89' lang='lat' dir='ltr'>aliquid</span> <span class='ocrx_word' id='word_1_11' title='bbox 778 506 942 604; x_wconf 74' lang='lat' dir='ltr'>ungulare</span> <span class='ocrx_word' id='word_1_12' title='bbox 957 509 1136 598; x_wconf 81' lang='lat' dir='ltr'>haberent,</span> <span class='ocrx_word' id='word_1_13' title='bbox 1150 527 1216 584; x_wconf 57' lang='lat' dir='ltr'>nod</span> 
     </span>
     <span class='ocr_line' id='line_1_3' title="bbox 249 611 1214 713; baseline 0.007 -27"><span class='ocrx_word' id='word_1_14' title='bbox 249 613 377 686; x_wconf 91' lang='lat' dir='ltr'>tabant.</span> <span class='ocrx_word' id='word_1_15' title='bbox 399 611 538 686; x_wconf 86' lang='lat' dir='ltr'>forfitan</span> <span class='ocrx_word' id='word_1_16' title='bbox 558 614 602 686; x_wconf 89' lang='lat' dir='ltr'>ab</span> <span class='ocrx_word' id='word_1_17' title='bbox 619 638 680 703; x_wconf 89' lang='lat' dir='ltr'>eo,</span> <span class='ocrx_word' id='word_1_18' title='bbox 698 616 759 711; x_wconf 92' lang='lat' dir='ltr'>qui</span> <span class='ocrx_word' id='word_1_19' title='bbox 782 641 880 689; x_wconf 88' lang='lat' dir='ltr'>mane</span> <span class='ocrx_word' id='word_1_20' title='bbox 902 637 1000 692; x_wconf 88' lang='lat' dir='ltr'>natus</span> <span class='ocrx_word' id='word_1_21' title='bbox 1025 621 1214 713; x_wconf 88' lang='lat' dir='ltr'>diceretur,</span> 
     </span>
     <span class='ocr_line' id='line_1_4' title="bbox 167 722 1217 828; baseline 0.007 -31"><span class='ocrx_word' id='word_1_22' title='bbox 167 781 172 788; x_wconf 81' lang='lat'><strong>.</strong></span> <span class='ocrx_word' id='word_1_23' title='bbox 251 743 297 818; x_wconf 86' lang='lat' dir='ltr'>ut</span> <span class='ocrx_word' id='word_1_24' title='bbox 308 724 337 796; x_wconf 93' lang='lat' dir='ltr'>is</span> <span class='ocrx_word' id='word_1_25' title='bbox 356 723 493 797; x_wconf 88' lang='lat' dir='ltr'>Manius</span> <span class='ocrx_word' id='word_1_26' title='bbox 512 723 612 811; x_wconf 78' lang='lat' dir='ltr'>effet3</span> <span class='ocrx_word' id='word_1_27' title='bbox 632 726 692 824; x_wconf 89' lang='lat' dir='ltr'>qui</span> <span class='ocrx_word' id='word_1_28' title='bbox 709 722 798 815; x_wconf 90' lang='lat' dir='ltr'>luci,</span> <span class='ocrx_word' id='word_1_29' title='bbox 818 727 962 817; x_wconf 85' lang='lat' dir='ltr'>Lucius;</span> <span class='ocrx_word' id='word_1_30' title='bbox 980 730 1038 827; x_wconf 91' lang='lat' dir='ltr'>qui</span> <span class='ocrx_word' id='word_1_31' title='bbox 1064 732 1138 828; x_wconf 84' lang='lat' dir='ltr'>post</span> <span class='ocrx_word' id='word_1_32' title='bbox 1155 758 1217 827; x_wconf 89' lang='lat' dir='ltr'>pa·</span> 
     </span>
     <span class='ocr_line' id='line_1_5' title="bbox 250 833 1217 936; baseline 0.008 -30"><span class='ocrx_word' id='word_1_33' title='bbox 250 833 311 906; x_wconf 92' lang='lat' dir='ltr'>tris</span> <span class='ocrx_word' id='word_1_34' title='bbox 332 854 499 923; x_wconf 87' lang='lat' dir='ltr'>mortem,</span> <span class='ocrx_word' id='word_1_35' title='bbox 514 834 702 910; x_wconf 83' lang='lat' dir='ltr'>Postumus.</span> <span class='ocrx_word' id='word_1_36' title='bbox 717 837 747 907; x_wconf 87' lang='lat' dir='ltr'>E</span> <span class='ocrx_word' id='word_1_37' title='bbox 762 838 909 934; x_wconf 91' lang='lat' dir='ltr'>quibus,</span> <span class='ocrx_word' id='word_1_38' title='bbox 928 864 1025 936; x_wconf 69' lang='lat' dir='ltr'>qua,</span> <span class='ocrx_word' id='word_1_39' title='bbox 1040 866 1118 914; x_wconf 87' lang='lat' dir='ltr'>cum</span> <span class='ocrx_word' id='word_1_40' title='bbox 1135 841 1217 913; x_wconf 90' lang='lat' dir='ltr'>item</span> 
     </span>
     <span class='ocr_line' id='line_1_6' title="bbox 251 943 1219 1046; baseline 0.007 -29"><span class='ocrx_word' id='word_1_41' title='bbox 251 943 421 1018; x_wconf 86' lang='lat' dir='ltr'>accidillet</span> <span class='ocrx_word' id='word_1_42' title='bbox 450 944 628 1036; x_wconf 85' lang='lat' dir='ltr'><strong>femineis,</strong></span> <span class='ocrx_word' id='word_1_43' title='bbox 653 948 884 1044; x_wconf 76' lang='lat' dir='ltr'>proportione</span> <span class='ocrx_word' id='word_1_44' title='bbox 909 952 1084 1046; x_wconf 84' lang='lat' dir='ltr'>appellata.</span> <span class='ocrx_word' id='word_1_45' title='bbox 1108 951 1219 1025; x_wconf 88' lang='lat' dir='ltr'>decla·</span> 
     </span>
     <span class='ocr_line' id='line_1_7' title="bbox 186 1056 1220 1160; baseline 0.009 -33"><span class='ocrx_word' id='word_1_46' title='bbox 186 1060 190 1067; x_wconf 87' lang='grc'><strong>’</strong></span> <span class='ocrx_word' id='word_1_47' title='bbox 252 1075 329 1160; x_wconf 86' lang='lat' dir='ltr'>rant</span> <span class='ocrx_word' id='word_1_48' title='bbox 355 1056 567 1151; x_wconf 80' lang='lat' dir='ltr'>praenomina</span> <span class='ocrx_word' id='word_1_49' title='bbox 594 1059 774 1132; x_wconf 84' lang='lat' dir='ltr'><strong>mulierum</strong></span> <span class='ocrx_word' id='word_1_50' title='bbox 803 1059 962 1158; x_wconf 82' lang='lat' dir='ltr'>antiqua,</span> <span class='ocrx_word' id='word_1_51' title='bbox 990 1063 1124 1158; x_wconf 87' lang='lat' dir='ltr'>Mania,</span> <span class='ocrx_word' id='word_1_52' title='bbox 1151 1067 1220 1136; x_wconf 91' lang='lat' dir='ltr'>Lu·</span> 
     </span>
     <span class='ocr_line' id='line_1_8' title="bbox 251 1163 1221 1259; baseline 0.007 -20"><span class='ocrx_word' id='word_1_53' title='bbox 251 1165 327 1254; x_wconf 83' lang='lat' dir='ltr'>cia,</span> <span class='ocrx_word' id='word_1_54' title='bbox 343 1163 511 1238; x_wconf 88' lang='lat' dir='ltr'>Postuma.</span> <span class='ocrx_word' id='word_1_55' title='bbox 532 1165 698 1239; x_wconf 88' lang='lat' dir='ltr'>Videmus</span> <span class='ocrx_word' id='word_1_56' title='bbox 714 1167 805 1240; x_wconf 87' lang='lat' dir='ltr'>enim</span> <span class='ocrx_word' id='word_1_57' title='bbox 826 1170 997 1259; x_wconf 83' lang='lat' dir='ltr'>Maniam,</span> <span class='ocrx_word' id='word_1_58' title='bbox 1011 1194 1151 1245; x_wconf 88' lang='lat' dir='ltr'>matrem</span> <span class='ocrx_word' id='word_1_59' title='bbox 1173 1174 1221 1246; x_wconf 92' lang='lat' dir='ltr'>la·</span> 
     </span>
     <span class='ocr_line' id='line_1_9' title="bbox 252 1276 1221 1365; baseline 0.009 -18"><span class='ocrx_word' id='word_1_60' title='bbox 252 1301 347 1364; x_wconf 86' lang='lat' dir='ltr'>rum,</span> <span class='ocrx_word' id='word_1_61' title='bbox 372 1276 573 1350; x_wconf 90' lang='lat' dir='ltr'>&amp;Luciam</span> <span class='ocrx_word' id='word_1_62' title='bbox 600 1277 846 1365; x_wconf 78' lang='lat' dir='ltr'>Volumnium,</span> <span class='ocrx_word' id='word_1_63' title='bbox 866 1278 1034 1352; x_wconf 87' lang='lat' dir='ltr'>Saliorum</span> <span class='ocrx_word' id='word_1_64' title='bbox 1060 1283 1221 1356; x_wconf 85' lang='lat' dir='ltr'>carmini-</span> 
     </span>
     <span class='ocr_line' id='line_1_10' title="bbox 253 1383 1221 1487; baseline 0.007 -30"><span class='ocrx_word' id='word_1_65' title='bbox 253 1384 317 1458; x_wconf 90' lang='lat' dir='ltr'>bus</span> <span class='ocrx_word' id='word_1_66' title='bbox 332 1383 506 1482; x_wconf 87' lang='lat' dir='ltr'>appellari.</span> <span class='ocrx_word' id='word_1_67' title='bbox 524 1383 749 1459; x_wconf 88' lang='lat' dir='ltr'>Postumama</span> <span class='ocrx_word' id='word_1_68' title='bbox 767 1386 901 1460; x_wconf 87' lang='lat' dir='ltr'>multeis</span> <span class='ocrx_word' id='word_1_69' title='bbox 918 1389 994 1485; x_wconf 90' lang='lat' dir='ltr'>post</span> <span class='ocrx_word' id='word_1_70' title='bbox 1008 1390 1112 1487; x_wconf 86' lang='lat' dir='ltr'>patris</span> <span class='ocrx_word' id='word_1_71' title='bbox 1125 1415 1221 1464; x_wconf 89' lang='lat' dir='ltr'>mor·</span> 
     </span>
     <span class='ocr_line' id='line_1_11' title="bbox 252 1497 1220 1596; baseline 0.004 -26"><span class='ocrx_word' id='word_1_72' title='bbox 252 1515 322 1570; x_wconf 88' lang='lat' dir='ltr'>tem</span> <span class='ocrx_word' id='word_1_73' title='bbox 337 1498 438 1570; x_wconf 90' lang='lat' dir='ltr'>etiam</span> <span class='ocrx_word' id='word_1_74' title='bbox 457 1521 552 1569; x_wconf 89' lang='lat' dir='ltr'>nunc</span> <span class='ocrx_word' id='word_1_75' title='bbox 570 1497 744 1594; x_wconf 90' lang='lat' dir='ltr'>appellari.</span> <span class='ocrx_word' id='word_1_76' title='bbox 761 1500 879 1591; x_wconf 85' lang='lat' dir='ltr'><strong>Quare</strong></span> <span class='ocrx_word' id='word_1_77' title='bbox 898 1524 1110 1596; x_wconf 88' lang='lat' dir='ltr'>quocunque</span> <span class='ocrx_word' id='word_1_78' title='bbox 1134 1525 1220 1595; x_wconf 90' lang='lat' dir='ltr'>pro·</span> 
     </span>
     <span class='ocr_line' id='line_1_12' title="bbox 253 1599 1271 1706; baseline 0.005 -27"><span class='ocrx_word' id='word_1_79' title='bbox 253 1605 358 1706; x_wconf 81' lang='lat' dir='ltr'>grella</span> <span class='ocrx_word' id='word_1_80' title='bbox 377 1606 424 1680; x_wconf 82' lang='lat' dir='ltr'>est</span> <span class='ocrx_word' id='word_1_81' title='bbox 444 1625 583 1698; x_wconf 84' lang='lat' dir='ltr'>natura,</span> <span class='ocrx_word' id='word_1_82' title='bbox 602 1632 679 1680; x_wconf 90' lang='lat' dir='ltr'>cum</span> <span class='ocrx_word' id='word_1_83' title='bbox 707 1607 769 1682; x_wconf 90' lang='lat' dir='ltr'>usu</span> <span class='ocrx_word' id='word_1_84' title='bbox 792 1608 956 1682; x_wconf 85' lang='lat' dir='ltr'>vocabuli</span> <span class='ocrx_word' id='word_1_85' title='bbox 980 1609 1115 1700; x_wconf 82' lang='lat' dir='ltr'>fimitis,</span> <span class='ocrx_word' id='word_1_86' title='bbox 1138 1634 1221 1705; x_wconf 87' lang='lat' dir='ltr'>pro·</span> <span class='ocrx_word' id='word_1_87' title='bbox 1262 1599 1271 1618; x_wconf 28' lang='grc' dir='ltr'>χ</span> 
     </span>
     <span class='ocr_line' id='line_1_13' title="bbox 254 1715 1223 1816; baseline 0.001 -26"><span class='ocrx_word' id='word_1_88' title='bbox 254 1717 418 1815; x_wconf 87' lang='lat' dir='ltr'>portione</span> <span class='ocrx_word' id='word_1_89' title='bbox 443 1736 628 1814; x_wconf 84' lang='lat' dir='ltr'>propagata</span> <span class='ocrx_word' id='word_1_90' title='bbox 654 1715 701 1788; x_wconf 87' lang='lat' dir='ltr'>ell</span> <span class='ocrx_word' id='word_1_91' title='bbox 725 1716 890 1816; x_wconf 82' lang='lat' dir='ltr'>analogia.</span> <span class='ocrx_word' id='word_1_92' title='bbox 916 1720 1005 1791; x_wconf 89' lang='lat' dir='ltr'>Cum</span> <span class='ocrx_word' id='word_1_93' title='bbox 1035 1717 1070 1789; x_wconf 92' lang='lat' dir='ltr'>in</span> <span class='ocrx_word' id='word_1_94' title='bbox 1100 1716 1223 1815; x_wconf 89' lang='lat' dir='ltr'>quibus</span> 
     </span>
     <span class='ocr_line' id='line_1_14' title="bbox 254 1825 1225 1917; baseline -0.001 -16"><span class='ocrx_word' id='word_1_95' title='bbox 254 1825 539 1902; x_wconf 77' lang='lat' dir='ltr'>declinationibus</span> <span class='ocrx_word' id='word_1_96' title='bbox 562 1826 767 1900; x_wconf 86' lang='lat' dir='ltr'>voluntariis</span> <span class='ocrx_word' id='word_1_97' title='bbox 794 1829 913 1917; x_wconf 89' lang='lat' dir='ltr'>matis,</span> <span class='ocrx_word' id='word_1_98' title='bbox 937 1830 976 1902; x_wconf 76' lang='lat' dir='ltr'>dt</span> <span class='ocrx_word' id='word_1_99' title='bbox 1004 1826 1162 1912; x_wconf 67' lang='lat' dir='ltr'>femina,</span> <span class='ocrx_word' id='word_1_100' title='bbox 1185 1829 1225 1900; x_wconf 84' lang='grc' dir='ltr'>δι</span> 
     </span>
     <span class='ocr_line' id='line_1_15' title="bbox 255 1934 1224 2035; baseline -0.005 -23"><span class='ocrx_word' id='word_1_101' title='bbox 255 1938 389 2028; x_wconf 88' lang='lat' dir='ltr'>neutri,</span> <span class='ocrx_word' id='word_1_102' title='bbox 413 1963 492 2035; x_wconf 81' lang='lat' dir='ltr'>quae</span> <span class='ocrx_word' id='word_1_103' title='bbox 516 1936 712 2011; x_wconf 90' lang='lat' dir='ltr'>voluntaria</span> <span class='ocrx_word' id='word_1_104' title='bbox 734 1934 828 2023; x_wconf 91' lang='lat' dir='ltr'>sunt,</span> <span class='ocrx_word' id='word_1_105' title='bbox 854 1961 927 2008; x_wconf 90' lang='lat' dir='ltr'>non</span> <span class='ocrx_word' id='word_1_106' title='bbox 955 1936 1079 2008; x_wconf 89' lang='lat' dir='ltr'>debent</span> <span class='ocrx_word' id='word_1_107' title='bbox 1104 1936 1224 2008; x_wconf 81' lang='lat' dir='ltr'>fimiti-</span> 
     </span>
     <span class='ocr_line' id='line_1_16' title="bbox 167 2042 1226 2142; baseline -0.006 -19"><span class='ocrx_word' id='word_1_108' title='bbox 167 2128 169 2132; x_wconf 70' lang='lat'>‚</span> <span class='ocrx_word' id='word_1_109' title='bbox 255 2070 308 2122; x_wconf 89' lang='lat' dir='ltr'>ter</span> <span class='ocrx_word' id='word_1_110' title='bbox 333 2047 514 2140; x_wconf 76' lang='lat' dir='ltr'>declinarit</span> <span class='ocrx_word' id='word_1_111' title='bbox 531 2046 638 2120; x_wconf 88' lang='lat' dir='ltr'>sedin</span> <span class='ocrx_word' id='word_1_112' title='bbox 659 2045 784 2142; x_wconf 88' lang='lat' dir='ltr'>quibus</span> <span class='ocrx_word' id='word_1_113' title='bbox 802 2042 969 2117; x_wconf 78' lang='lat' dir='ltr'>naturales</span> <span class='ocrx_word' id='word_1_114' title='bbox 991 2044 1055 2115; x_wconf 88' lang='lat' dir='ltr'>smt</span> <span class='ocrx_word' id='word_1_115' title='bbox 1071 2044 1226 2118; x_wconf 89' lang='lat' dir='ltr'>declina·</span> 
     </span>
     <span class='ocr_line' id='line_1_17' title="bbox 256 2152 1228 2252; baseline 0.001 -23"><span class='ocrx_word' id='word_1_116' title='bbox 256 2179 334 2247; x_wconf 89' lang='lat' dir='ltr'>tus,</span> <span class='ocrx_word' id='word_1_117' title='bbox 360 2156 395 2227; x_wconf 93' lang='lat' dir='ltr'>hi</span> <span class='ocrx_word' id='word_1_118' title='bbox 424 2155 484 2252; x_wconf 90' lang='lat' dir='ltr'>qui</span> <span class='ocrx_word' id='word_1_119' title='bbox 509 2154 574 2226; x_wconf 85' lang='lat' dir='ltr'>effe</span> <span class='ocrx_word' id='word_1_120' title='bbox 599 2153 827 2250; x_wconf 84' lang='lat' dir='ltr'>reperiuntur.</span> <span class='ocrx_word' id='word_1_121' title='bbox 854 2152 1030 2246; x_wconf 87' lang='lat' dir='ltr'>Quocirca</span> <span class='ocrx_word' id='word_1_122' title='bbox 1055 2156 1091 2225; x_wconf 92' lang='lat' dir='ltr'>in</span> <span class='ocrx_word' id='word_1_123' title='bbox 1117 2154 1228 2230; x_wconf 87' lang='lat' dir='ltr'>tribus</span> 
     </span>
     <span class='ocr_line' id='line_1_18' title="bbox 257 2263 1227 2367; baseline 0.002 -29"><span class='ocrx_word' id='word_1_124' title='bbox 257 2265 438 2364; x_wconf 85' lang='lat' dir='ltr'>generibus</span> <span class='ocrx_word' id='word_1_125' title='bbox 456 2263 636 2367; x_wconf 75' lang='lat' dir='ltr'>nominum</span> <span class='ocrx_word' id='word_1_126' title='bbox 657 2264 774 2360; x_wconf 90' lang='lat' dir='ltr'>inique</span> <span class='ocrx_word' id='word_1_127' title='bbox 800 2265 930 2338; x_wconf 91' lang='lat' dir='ltr'>tollunt</span> <span class='ocrx_word' id='word_1_128' title='bbox 949 2265 1132 2361; x_wconf 85' lang='lat' dir='ltr'>analogias.</span> <span class='ocrx_word' id='word_1_129' title='bbox 1153 2266 1227 2360; x_wconf 82' lang='lat' dir='ltr'>Qui</span> 
     </span>
     <span class='ocr_line' id='line_1_19' title="bbox 197 2375 1228 2474; baseline -0.002 -24"><span class='ocrx_word' id='word_1_130' title='bbox 197 2444 202 2450; x_wconf 91' lang='lat'>.</span> <span class='ocrx_word' id='word_1_131' title='bbox 258 2397 372 2453; x_wconf 91' lang='lat' dir='ltr'>autem</span> <span class='ocrx_word' id='word_1_132' title='bbox 397 2401 453 2452; x_wconf 88' lang='lat' dir='ltr'>eas</span> <span class='ocrx_word' id='word_1_133' title='bbox 479 2377 751 2474; x_wconf 83' lang='lat' dir='ltr'>reprehendunt,</span> <span class='ocrx_word' id='word_1_134' title='bbox 765 2377 860 2474; x_wconf 92' lang='lat' dir='ltr'>quod</span> <span class='ocrx_word' id='word_1_135' title='bbox 880 2375 944 2448; x_wconf 90' lang='lat' dir='ltr'>alia</span> <span class='ocrx_word' id='word_1_136' title='bbox 968 2375 1228 2450; x_wconf 82' lang='lat' dir='ltr'>vocabulafin·</span> 
     </span>
     <span class='ocr_line' id='line_1_20' title="bbox 259 2485 1230 2586; baseline -0.002 -25"><span class='ocrx_word' id='word_1_137' title='bbox 259 2489 386 2586; x_wconf 85' lang='lat' dir='ltr'>gularia</span> <span class='ocrx_word' id='word_1_138' title='bbox 408 2488 484 2563; x_wconf 87' lang='lat' dir='ltr'>sunt</span> <span class='ocrx_word' id='word_1_139' title='bbox 501 2486 634 2575; x_wconf 85' lang='lat' dir='ltr'>solum,</span> <span class='ocrx_word' id='word_1_140' title='bbox 653 2506 692 2561; x_wconf 92' lang='lat' dir='ltr'>ut</span> <span class='ocrx_word' id='word_1_141' title='bbox 714 2486 824 2561; x_wconf 84' lang='lat' dir='ltr'>cicer:</span> <span class='ocrx_word' id='word_1_142' title='bbox 847 2485 910 2559; x_wconf 90' lang='lat' dir='ltr'>alia</span> <span class='ocrx_word' id='word_1_143' title='bbox 934 2486 1159 2561; x_wconf 90' lang='lat' dir='ltr'>multitudiuis</span> <span class='ocrx_word' id='word_1_144' title='bbox 1174 2485 1230 2559; x_wconf 88' lang='lat' dir='ltr'>so·</span> 
     </span>
     <span class='ocr_line' id='line_1_21' title="bbox 259 2595 1230 2696; baseline -0.003 -22"><span class='ocrx_word' id='word_1_145' title='bbox 259 2603 353 2690; x_wconf 88' lang='lat' dir='ltr'>lum,</span> <span class='ocrx_word' id='word_1_146' title='bbox 375 2622 413 2675; x_wconf 92' lang='lat' dir='ltr'>ut</span> <span class='ocrx_word' id='word_1_147' title='bbox 437 2603 553 2690; x_wconf 80' lang='lat' dir='ltr'>scalae3</span> <span class='ocrx_word' id='word_1_148' title='bbox 580 2626 659 2676; x_wconf 86' lang='lat' dir='ltr'>cum</span> <span class='ocrx_word' id='word_1_149' title='bbox 685 2597 865 2672; x_wconf 89' lang='lat' dir='ltr'>debuerint</span> <span class='ocrx_word' id='word_1_150' title='bbox 888 2595 954 2670; x_wconf 82' lang='lat' dir='ltr'>elle</span> <span class='ocrx_word' id='word_1_151' title='bbox 978 2597 1095 2671; x_wconf 89' lang='lat' dir='ltr'>omnia</span> <span class='ocrx_word' id='word_1_152' title='bbox 1114 2597 1230 2696; x_wconf 90' lang='lat' dir='ltr'>dupli·</span> 
     </span>
     <span class='ocr_line' id='line_1_22' title="bbox 261 2708 1230 2811; baseline -0.003 -25"><span class='ocrx_word' id='word_1_153' title='bbox 261 2714 337 2803; x_wconf 88' lang='lat' dir='ltr'>cia,</span> <span class='ocrx_word' id='word_1_154' title='bbox 363 2732 401 2787; x_wconf 92' lang='lat' dir='ltr'>ut</span> <span class='ocrx_word' id='word_1_155' title='bbox 422 2739 530 2811; x_wconf 88' lang='lat' dir='ltr'>equus</span> <span class='ocrx_word' id='word_1_156' title='bbox 550 2714 668 2810; x_wconf 86' lang='lat' dir='ltr'>equei:</span> <span class='ocrx_word' id='word_1_157' title='bbox 691 2709 856 2810; x_wconf 77' lang='lat' dir='ltr'>analogiae</span> <span class='ocrx_word' id='word_1_158' title='bbox 883 2708 1138 2782; x_wconf 87' lang='lat' dir='ltr'>fundamentum</span> <span class='ocrx_word' id='word_1_159' title='bbox 1163 2710 1230 2783; x_wconf 85' lang='lat' dir='ltr'>effe</span> 
     </span>
     <span class='ocr_line' id='line_1_23' title="bbox 252 2818 1231 2916; baseline -0.007 -18"><span class='ocrx_word' id='word_1_160' title='bbox 252 2824 515 2906; x_wconf 73' lang='lat' dir='ltr'>¹‚obliviscuntur</span> <span class='ocrx_word' id='word_1_161' title='bbox 535 2844 702 2897; x_wconf 87' lang='lat' dir='ltr'>naturam.</span> <span class='ocrx_word' id='word_1_162' title='bbox 726 2846 802 2895; x_wconf 90' lang='lat' dir='ltr'>nam</span> <span class='ocrx_word' id='word_1_163' title='bbox 831 2823 870 2895; x_wconf 82' lang='grc' dir='ltr'>δι</span> <span class='ocrx_word' id='word_1_164' title='bbox 894 2819 955 2892; x_wconf 86' lang='lat' dir='ltr'>usu</span> <span class='ocrx_word' id='word_1_165' title='bbox 981 2818 1144 2916; x_wconf 78' lang='lat' dir='ltr'>{iugulate</span> <span class='ocrx_word' id='word_1_166' title='bbox 1164 2819 1231 2911; x_wconf 82' lang='lat' dir='ltr'>est,</span> 
     </span>
     <span class='ocr_line' id='line_1_24' title="bbox 190 2924 1231 3029; baseline -0.007 -23"><span class='ocrx_word' id='word_1_167' title='bbox 190 2949 195 2953; x_wconf 84' lang='grc'><em>’</em></span> <span class='ocrx_word' id='word_1_168' title='bbox 260 2932 359 3029; x_wconf 86' lang='lat' dir='ltr'>quod</span> <span class='ocrx_word' id='word_1_169' title='bbox 377 2953 495 3007; x_wconf 85' lang='lat' dir='ltr'>natura</span> <span class='ocrx_word' id='word_1_170' title='bbox 516 2956 624 3006; x_wconf 91' lang='lat' dir='ltr'>unum</span> <span class='ocrx_word' id='word_1_171' title='bbox 643 2924 829 3027; x_wconf 82' lang='lat' dir='ltr'>fignificat,</span> <span class='ocrx_word' id='word_1_172' title='bbox 851 2946 889 2999; x_wconf 90' lang='lat' dir='ltr'>ut</span> <span class='ocrx_word' id='word_1_173' title='bbox 913 2949 1037 3022; x_wconf 86' lang='lat' dir='ltr'>equus:</span> <span class='ocrx_word' id='word_1_174' title='bbox 1056 2943 1113 2998; x_wconf 91' lang='lat' dir='ltr'>aut</span> <span class='ocrx_word' id='word_1_175' title='bbox 1134 2927 1231 3025; x_wconf 92' lang='lat' dir='ltr'>quod</span> 
     </span>
     <span class='ocr_line' id='line_1_25' title="bbox 263 3019 1230 3143; baseline -0.007 -25"><span class='ocrx_word' id='word_1_176' title='bbox 263 3043 447 3137; x_wconf 70' lang='lat' dir='ltr'>conjuncta</span> <span class='ocrx_word' id='word_1_177' title='bbox 468 3040 727 3143; x_wconf 82' lang='lat' dir='ltr'>quodammodo</span> <span class='ocrx_word' id='word_1_178' title='bbox 751 3040 794 3111; x_wconf 91' lang='lat' dir='ltr'>ad</span> <span class='ocrx_word' id='word_1_179' title='bbox 814 3062 918 3107; x_wconf 91' lang='lat' dir='ltr'>unum</span> <span class='ocrx_word' id='word_1_180' title='bbox 937 3035 1054 3126; x_wconf 91' lang='lat' dir='ltr'>usum,</span> <span class='ocrx_word' id='word_1_181' title='bbox 1077 3019 1230 3138; x_wconf 71' lang='lat' dir='ltr'>ut‘bigae.</span> 
     </span>
     <span class='ocr_line' id='line_1_26' title="bbox 264 3146 1298 3252; baseline -0.009 -27"><span class='ocrx_word' id='word_1_182' title='bbox 264 3151 379 3252; x_wconf 88' lang='lat' dir='ltr'>itaque</span> <span class='ocrx_word' id='word_1_183' title='bbox 405 3152 548 3228; x_wconf 86' lang='lat' dir='ltr'>dicimus</span> <span class='ocrx_word' id='word_1_184' title='bbox 573 3177 640 3224; x_wconf 90' lang='lat' dir='ltr'>una</span> <span class='ocrx_word' id='word_1_185' title='bbox 662 3147 776 3238; x_wconf 83' lang='lat' dir='ltr'>Mula,</span> <span class='ocrx_word' id='word_1_186' title='bbox 799 3148 845 3223; x_wconf 87' lang='lat' dir='ltr'>fic</span> <span class='ocrx_word' id='word_1_187' title='bbox 865 3146 1008 3221; x_wconf 88' lang='lat' dir='ltr'>dicimus</span> <span class='ocrx_word' id='word_1_188' title='bbox 1030 3172 1108 3222; x_wconf 86' lang='lat' dir='ltr'>unae</span> <span class='ocrx_word' id='word_1_189' title='bbox 1134 3146 1233 3242; x_wconf 66' lang='lat' dir='ltr'>bigae·</span> <span class='ocrx_word' id='word_1_190' title='bbox 1296 3156 1298 3158; x_wconf 81' lang='grc'><strong>’</strong></span> 
     </span>
     <span class='ocr_line' id='line_1_27' title="bbox 266 3254 1233 3350; baseline -0.011 -15"><span class='ocrx_word' id='word_1_191' title='bbox 266 3263 496 3338; x_wconf 85' lang='lat' dir='ltr'>Multitudinis</span> <span class='ocrx_word' id='word_1_192' title='bbox 514 3261 685 3340; x_wconf 77' lang='lat' dir='ltr'>uocabula</span> <span class='ocrx_word' id='word_1_193' title='bbox 712 3259 808 3350; x_wconf 87' lang='lat' dir='ltr'>sunt,</span> <span class='ocrx_word' id='word_1_194' title='bbox 828 3282 955 3345; x_wconf 88' lang='lat' dir='ltr'>unum,</span> <span class='ocrx_word' id='word_1_195' title='bbox 981 3254 1171 3343; x_wconf 85' lang='lat' dir='ltr'>infinitum,</span> <span class='ocrx_word' id='word_1_196' title='bbox 1193 3270 1233 3325; x_wconf 93' lang='lat' dir='ltr'>ut</span> 
     </span>
     <span class='ocr_line' id='line_1_28' title="bbox 266 3367 1235 3463; baseline -0.011 -20"><span class='ocrx_word' id='word_1_197' title='bbox 266 3370 388 3445; x_wconf 81' lang='lat' dir='ltr'>Musae:</span> <span class='ocrx_word' id='word_1_198' title='bbox 415 3372 577 3463; x_wconf 88' lang='lat' dir='ltr'>alterum,</span> <span class='ocrx_word' id='word_1_199' title='bbox 605 3369 761 3457; x_wconf 86' lang='lat' dir='ltr'>finitum,</span> <span class='ocrx_word' id='word_1_200' title='bbox 784 3386 822 3441; x_wconf 88' lang='lat' dir='ltr'>ut</span> <span class='ocrx_word' id='word_1_201' title='bbox 846 3367 937 3456; x_wconf 85' lang='lat' dir='ltr'>duo,</span> <span class='ocrx_word' id='word_1_202' title='bbox 958 3386 1042 3453; x_wconf 87' lang='lat' dir='ltr'>tres,</span> <span class='ocrx_word' id='word_1_203' title='bbox 1061 3381 1235 3460; x_wconf 85' lang='lat' dir='ltr'>quattuor.</span> 
     </span>
     <span class='ocr_line' id='line_1_29' title="bbox 267 3471 1236 3574; baseline -0.01 -22"><span class='ocrx_word' id='word_1_204' title='bbox 267 3480 412 3554; x_wconf 87' lang='lat' dir='ltr'>dicimus</span> <span class='ocrx_word' id='word_1_205' title='bbox 434 3481 547 3574; x_wconf 89' lang='lat' dir='ltr'>enim,</span> <span class='ocrx_word' id='word_1_206' title='bbox 565 3500 604 3553; x_wconf 91' lang='lat' dir='ltr'>ut</span> <span class='ocrx_word' id='word_1_207' title='bbox 622 3480 676 3552; x_wconf 81' lang='lat' dir='ltr'>har</span> <span class='ocrx_word' id='word_1_208' title='bbox 693 3477 823 3565; x_wconf 87' lang='lat' dir='ltr'>Musae,</span> <span class='ocrx_word' id='word_1_209' title='bbox 841 3476 982 3550; x_wconf 82' lang='lat' dir='ltr'>ficunae</span> <span class='ocrx_word' id='word_1_210' title='bbox 1004 3474 1109 3569; x_wconf 84' lang='lat' dir='ltr'>bigae,</span> <span class='ocrx_word' id='word_1_211' title='bbox 1127 3477 1164 3545; x_wconf 76' lang='lat' dir='ltr'>dt</span> <span class='ocrx_word' id='word_1_212' title='bbox 1184 3471 1236 3544; x_wconf 91' lang='lat' dir='ltr'>bi·</span> 
     </span>
    </p>
   </div>
   <div class='ocr_carea' id='block_1_3' title="bbox 268 3577 1305 3908">
    <p class='ocr_par' dir='ltr' id='par_1_3' title="bbox 268 3577 1305 3908">
     <span class='ocr_line' id='line_1_30' title="bbox 268 3577 1237 3693; baseline -0.008 -34"><span class='ocrx_word' id='word_1_213' title='bbox 268 3612 344 3680; x_wconf 78' lang='lat' dir='ltr'>nae,</span> <span class='ocrx_word' id='word_1_214' title='bbox 358 3590 397 3662; x_wconf 79' lang='grc' dir='ltr'>δι</span> <span class='ocrx_word' id='word_1_215' title='bbox 420 3588 519 3662; x_wconf 71' lang='lat' dir='ltr'>trina</span> <span class='ocrx_word' id='word_1_216' title='bbox 542 3587 646 3687; x_wconf 79' lang='lat' dir='ltr'>bigae:</span> <span class='ocrx_word' id='word_1_217' title='bbox 669 3587 715 3661; x_wconf 84' lang='lat' dir='ltr'>stc</span> <span class='ocrx_word' id='word_1_218' title='bbox 736 3587 906 3681; x_wconf 89' lang='lat' dir='ltr'>deinceps.</span> <span class='ocrx_word' id='word_1_219' title='bbox 927 3585 1135 3693; x_wconf 46' lang='lat' dir='ltr'>Quare&#39;tam</span> <span class='ocrx_word' id='word_1_220' title='bbox 1154 3577 1237 3652; x_wconf 81' lang='lat' dir='ltr'>unci</span> 
     </span>
     <span class='ocr_line' id='line_1_31' title="bbox 270 3689 1237 3796; baseline -0.014 -22"><span class='ocrx_word' id='word_1_221' title='bbox 270 3700 309 3774; x_wconf 78' lang='grc' dir='ltr'>δι</span> <span class='ocrx_word' id='word_1_222' title='bbox 325 3724 402 3774; x_wconf 74' lang='lat' dir='ltr'>unae</span> <span class='ocrx_word' id='word_1_223' title='bbox 419 3701 458 3773; x_wconf 77' lang='grc' dir='ltr'>δι</span> <span class='ocrx_word' id='word_1_224' title='bbox 472 3724 540 3773; x_wconf 90' lang='lat' dir='ltr'>una</span> <span class='ocrx_word' id='word_1_225' title='bbox 556 3696 815 3796; x_wconf 89' lang='lat' dir='ltr'>quodammodo</span> <span class='ocrx_word' id='word_1_226' title='bbox 831 3692 1007 3793; x_wconf 77' lang='lat' dir='ltr'>singularia</span> <span class='ocrx_word' id='word_1_227' title='bbox 1025 3689 1119 3781; x_wconf 85' lang='lat' dir='ltr'>lunt,</span> <span class='ocrx_word' id='word_1_228' title='bbox 1133 3714 1237 3789; x_wconf 86' lang='lat' dir='ltr'>quam</span> 
     </span>
     <span class='ocr_line' id='line_1_32' title="bbox 270 3801 1305 3908; baseline -0.01 -25"><span class='ocrx_word' id='word_1_229' title='bbox 270 3833 376 3899; x_wconf 84' lang='lat' dir='ltr'>unus,</span> <span class='ocrx_word' id='word_1_230' title='bbox 394 3810 436 3887; x_wconf 77' lang='grc' dir='ltr'>δι</span> <span class='ocrx_word' id='word_1_231' title='bbox 454 3833 542 3901; x_wconf 88' lang='lat' dir='ltr'>uua,</span> <span class='ocrx_word' id='word_1_232' title='bbox 561 3810 602 3886; x_wconf 75' lang='lat' dir='ltr'>dt</span> <span class='ocrx_word' id='word_1_233' title='bbox 619 3833 743 3898; x_wconf 83' lang='lat' dir='ltr'><strong>unum·</strong></span> <span class='ocrx_word' id='word_1_234' title='bbox 762 3807 833 3893; x_wconf 85' lang='lat' dir='ltr'>hoc</span> <span class='ocrx_word' id='word_1_235' title='bbox 853 3805 965 3892; x_wconf 69' lang='lat' dir='ltr'>=modo</span> <span class='ocrx_word' id='word_1_236' title='bbox 986 3820 1093 3879; x_wconf 85' lang='lat' dir='ltr'>mutat</span> <span class='ocrx_word' id='word_1_237' title='bbox 1103 3856 1117 3895; x_wconf 86' lang='lat'><em>,</em></span> <span class='ocrx_word' id='word_1_238' title='bbox 1141 3801 1238 3902; x_wconf 90' lang='lat' dir='ltr'>quod</span> <span class='ocrx_word' id='word_1_239' title='bbox 1271 3841 1274 3850; x_wconf 92' lang='lat'><strong>·</strong></span> <span class='ocrx_word' id='word_1_240' title='bbox 1302 3895 1305 3908; x_wconf 15' lang='grc' dir='ltr'>λ</span> 
     </span>
    </p>
   </div>
   <div class='ocr_carea' id='block_1_4' title="bbox 634 4171 646 4217">
    <p class='ocr_par' dir='ltr' id='par_1_4' title="bbox 634 4171 646 4217">
     <span class='ocr_line' id='line_1_33' title="bbox 634 4171 646 4217; baseline 0 0"><span class='ocrx_word' id='word_1_241' title='bbox 634 4171 646 4217; x_wconf 83' lang='lat' dir='ltr'>l</span> 
     </span>
    </p>
   </div>
   <div class='ocr_carea' id='block_1_5' title="bbox 0 0 1444 4567">
    <p class='ocr_par' dir='ltr' id='par_1_5' title="bbox 0 0 1444 4567">
     <span class='ocr_line' id='line_1_34' title="bbox 0 0 1444 4567; baseline 0 0"><span class='ocrx_word' id='word_1_242' title='bbox 0 0 1444 4567; x_wconf 95' lang='lat' dir='ltr'> </span> 
     </span>
    </p>
   </div>
  </div>
 </body>
</html>
