2834 4567
1104 361 1153 435 79
1200 387 1208 404 “

222 573 298 680 M.
326 575 690 754 Tanaum
722 582 1129 700 vnanouts
1203 609 1211 634 ’

117 761 122 772 ’
190 820 309 994 Da
353 760 734 939 annuus
773 777 1152 951 annun

653 1044 727 1108 Ab

253 1229 315 1317 M.
349 1211 653 1319 TULLIUM
687 1231 1090 1326 CICERONEM

376 1445 603 1520 arasa
651 1449 960 1526 sexsus.
1062 1467 1112 1516 κ

190 1843 457 1979 Taurorum
482 1902 670 1993 vocabula,
686 1906 727 1979 dt
747 1926 887 1994 eorum,
903 1929 979 2003 que
1002 1904 1148 2002 conjun-

188 2013 240 2085 &a
261 2011 356 2095 funt,
378 2009 494 2084 autin
513 2009 650 2109 agendo
672 2009 783 2100 fiunt,
808 2031 866 2086 aut
893 2038 971 2088 cum
995 2033 1148 2113 tempore
1193 2083 1199 2102 ,

187 2122 306 2220 aliquo
330 2119 571 2211 enuntiantur,
594 2120 711 2218 priore
733 2121 824 2197 libro
839 2122 920 2197 dixi
946 2127 984 2198 ln
1004 2125 1074 2200 hoc
1093 2127 1147 2201 di·

186 2229 319 2303 cande
336 2224 500 2325 poetiieis
519 2227 737 2320 vocabuleis,
758 2232 796 2303 dt
812 2253 931 2304 eorum
948 2230 1147 2330 originibus.

187 2342 227 2410 ln
239 2336 336 2435 queis
350 2336 452 2408 rnulta
465 2333 626 2409 difficilia.
646 2361 725 2409 nam
739 2337 901 2428 verbum,
913 2340 1008 2435 quod
1023 2341 1146 2414 condi·

188 2464 262 2518 tum
277 2443 390 2535 est,&
402 2446 526 2544 quibus
546 2444 670 2519 litereis
688 2461 827 2541 oportet
842 2444 965 2534 scribi,
987 2449 1146 2543 aperiant.

187 2558 269 2632 lnde
288 2557 314 2631 fi
333 2558 407 2655 post
426 2558 538 2656 aliqua
558 2558 666 2632 demta
682 2555 742 2646 tir,
756 2556 935 2631 obscurior
955 2555 993 2629 fit
1017 2559 1145 2632 volun·

184 2688 256 2759 tas,
271 2668 307 2742 in
325 2664 527 2764 posteriores
546 2690 618 2739 uon
637 2665 922 2762 reprehendenda.
935 2664 1037 2763 Igitur
1049 2667 1085 2739 in
1103 2667 1145 2741 il·

118 2775 121 2788 '
186 2777 338 2876 leis,qui
361 2779 399 2850 in
417 2776 599 2851 scrutando
617 2777 727 2850 verbo
748 2775 859 2850 literas
884 2776 1071 2872 adjiciunt,
1087 2799 1145 2854 aut
1270 2840 1284 2870 Ι

187 2888 358 2976 demunt„
370 2884 521 2973 facilius,
535 2883 619 2982 quid
635 2885 694 2958 sub
715 2910 754 2958 ea
769 2909 859 2962 voce
882 2885 1005 2975 sublit,
1027 2889 1144 2962 videte

189 2995 324 3094 puffint.
343 2997 478 3071 Etenim
491 2994 623 3070 facilius
637 2996 816 3070 obscuram
834 3021 970 3094 operam
989 3000 1144 3102 Myrme-

187 3103 275 3182 cidis
292 3128 335 3177 ex
354 3107 458 3178 ebore
471 3104 565 3186 oculi
585 3104 740 3194 rideant,
761 3104 785 3176 fi
803 3103 1010 3177 extrinsecus
1027 3103 1144 3176 admo·

187 3232 294 3292 veant
319 3214 428 3313 nigras
444 3215 539 3291 seras.
558 3240 634 3290 curn
658 3216 732 3288 haec
759 3214 963 3288 adminicula
983 3212 1082 3286 addas
1101 3215 1143 3288 ad

186 3324 369 3399 eruendam
397 3323 606 3398 voluntatem
640 3321 1007 3419 impofitoris312men
1039 3320 1143 3397 latent

186 3436 302 3509 multa.
317 3434 427 3528 Quod
438 3434 462 3507 fi
475 3435 608 3533 poetice
622 3435 658 3507 in
677 3432 883 3508 carminibus
897 3432 1039 3506 servaret
1054 3435 1144 3507 mul·

187 3561 221 3616 ta
240 3543 360 3641 prisca,
378 3569 457 3641 quae
474 3545 600 3630 allent,
616 3541 662 3616 fic
677 3544 777 3615 etiam
795 3566 856 3615 cur
875 3540 999 3631 edent,
1015 3539 1143 3636 posuis·

112 3675 117 3684 ’
186 3655 252 3729 fet:
271 3654 446 3730 fecundius
467 3673 623 3753 poemata
647 3650 773 3725 ferrent
792 3649 946 3726 studium.
961 3649 1026 3722 Sed
1046 3668 1085 3723 ut
1106 3647 1142 3720 in

186 3767 296 3843 soluta
308 3768 486 3862 oratione,
497 3767 541 3845 fic
554 3764 589 3840 in
600 3761 786 3865 poemateia
801 3763 905 3842 verba
920 3756 1056 3850 omnia,
1067 3779 1143 3854 quae
